%YAML 1.1
%TAG !u! tag:unity3d.com,2011:
--- !u!29 &1
OcclusionCullingSettings:
  m_ObjectHideFlags: 0
  serializedVersion: 2
  m_OcclusionBakeSettings:
    smallestOccluder: 5
    smallestHole: 0.25
    backfaceThreshold: 100
  m_SceneGUID: 00000000000000000000000000000000
  m_OcclusionCullingData: {fileID: 0}
--- !u!104 &2
RenderSettings:
  m_ObjectHideFlags: 0
  serializedVersion: 9
  m_Fog: 0
  m_FogColor: {r: 0.5, g: 0.5, b: 0.5, a: 1}
  m_FogMode: 3
  m_FogDensity: 0.01
  m_LinearFogStart: 0
  m_LinearFogEnd: 300
  m_AmbientSkyColor: {r: 0.212, g: 0.227, b: 0.259, a: 1}
  m_AmbientEquatorColor: {r: 0.114, g: 0.125, b: 0.133, a: 1}
  m_AmbientGroundColor: {r: 0.047, g: 0.043, b: 0.035, a: 1}
  m_AmbientIntensity: 1
  m_AmbientMode: 0
  m_SubtractiveShadowColor: {r: 0.42, g: 0.478, b: 0.627, a: 1}
  m_SkyboxMaterial: {fileID: 10304, guid: 0000000000000000f000000000000000, type: 0}
  m_HaloStrength: 0.5
  m_FlareStrength: 1
  m_FlareFadeSpeed: 3
  m_HaloTexture: {fileID: 0}
  m_SpotCookie: {fileID: 10001, guid: 0000000000000000e000000000000000, type: 0}
  m_DefaultReflectionMode: 0
  m_DefaultReflectionResolution: 128
  m_ReflectionBounces: 1
  m_ReflectionIntensity: 1
  m_CustomReflection: {fileID: 0}
  m_Sun: {fileID: 0}
  m_IndirectSpecularColor: {r: 0.44657898, g: 0.4964133, b: 0.5748178, a: 1}
  m_UseRadianceAmbientProbe: 0
--- !u!157 &3
LightmapSettings:
  m_ObjectHideFlags: 0
  serializedVersion: 11
  m_GIWorkflowMode: 0
  m_GISettings:
    serializedVersion: 2
    m_BounceScale: 1
    m_IndirectOutputScale: 1
    m_AlbedoBoost: 1
    m_TemporalCoherenceThreshold: 1
    m_EnvironmentLightingMode: 0
    m_EnableBakedLightmaps: 1
    m_EnableRealtimeLightmaps: 0
  m_LightmapEditorSettings:
    serializedVersion: 10
    m_Resolution: 2
    m_BakeResolution: 10
    m_AtlasSize: 512
    m_AO: 0
    m_AOMaxDistance: 1
    m_CompAOExponent: 1
    m_CompAOExponentDirect: 0
    m_Padding: 2
    m_LightmapParameters: {fileID: 0}
    m_LightmapsBakeMode: 1
    m_TextureCompression: 1
    m_FinalGather: 0
    m_FinalGatherFiltering: 1
    m_FinalGatherRayCount: 256
    m_ReflectionCompression: 2
    m_MixedBakeMode: 2
    m_BakeBackend: 1
    m_PVRSampling: 1
    m_PVRDirectSampleCount: 32
    m_PVRSampleCount: 256
    m_PVRBounces: 2
    m_PVRFilterTypeDirect: 0
    m_PVRFilterTypeIndirect: 0
    m_PVRFilterTypeAO: 0
    m_PVRFilteringMode: 1
    m_PVRCulling: 1
    m_PVRFilteringGaussRadiusDirect: 1
    m_PVRFilteringGaussRadiusIndirect: 5
    m_PVRFilteringGaussRadiusAO: 2
    m_PVRFilteringAtrousPositionSigmaDirect: 0.5
    m_PVRFilteringAtrousPositionSigmaIndirect: 2
    m_PVRFilteringAtrousPositionSigmaAO: 1
    m_ShowResolutionOverlay: 1
  m_LightingDataAsset: {fileID: 0}
  m_UseShadowmask: 1
--- !u!196 &4
NavMeshSettings:
  serializedVersion: 2
  m_ObjectHideFlags: 0
  m_BuildSettings:
    serializedVersion: 2
    agentTypeID: 0
    agentRadius: 0.5
    agentHeight: 2
    agentSlope: 45
    agentClimb: 0.4
    ledgeDropHeight: 0
    maxJumpAcrossDistance: 0
    minRegionArea: 2
    manualCellSize: 0
    cellSize: 0.16666667
    manualTileSize: 0
    tileSize: 256
    accuratePlacement: 0
    debug:
      m_Flags: 0
  m_NavMeshData: {fileID: 0}
--- !u!1 &34911809
GameObject:
  m_ObjectHideFlags: 0
  m_CorrespondingSourceObject: {fileID: 1568342484918826, guid: 1e088aaf5c0c49042b60fe34bdcb66dc,
    type: 2}
  m_PrefabInternal: {fileID: 0}
  serializedVersion: 6
  m_Component:
  - component: {fileID: 34911810}
  - component: {fileID: 34911813}
  - component: {fileID: 34911812}
  - component: {fileID: 34911811}
  m_Layer: 0
  m_Name: jungle vine
  m_TagString: Untagged
  m_Icon: {fileID: 0}
  m_NavMeshLayer: 0
  m_StaticEditorFlags: 4294967295
  m_IsActive: 1
--- !u!4 &34911810
Transform:
  m_ObjectHideFlags: 0
  m_CorrespondingSourceObject: {fileID: 4773004688162056, guid: 1e088aaf5c0c49042b60fe34bdcb66dc,
    type: 2}
  m_PrefabInternal: {fileID: 0}
  m_GameObject: {fileID: 34911809}
  m_LocalRotation: {x: -0.019224731, y: -0.0015907187, z: 0.06854654, w: -0.99746144}
  m_LocalPosition: {x: 5.44454, y: 0.19990669, z: 22.460958}
  m_LocalScale: {x: 1.0276212, y: 1.0276212, z: 1.0276212}
  m_Children: []
  m_Father: {fileID: 616594277}
  m_RootOrder: 5
  m_LocalEulerAnglesHint: {x: 0, y: 0, z: 0}
--- !u!95 &34911811
Animator:
  serializedVersion: 3
  m_ObjectHideFlags: 0
  m_CorrespondingSourceObject: {fileID: 95586400779943740, guid: 1e088aaf5c0c49042b60fe34bdcb66dc,
    type: 2}
  m_PrefabInternal: {fileID: 0}
  m_GameObject: {fileID: 34911809}
  m_Enabled: 1
  m_Avatar: {fileID: 9000000, guid: 5ec3b0eba5c1e344c91a675985500633, type: 3}
  m_Controller: {fileID: 0}
  m_CullingMode: 0
  m_UpdateMode: 0
  m_ApplyRootMotion: 0
  m_LinearVelocityBlending: 0
  m_WarningMessage: 
  m_HasTransformHierarchy: 1
  m_AllowConstantClipSamplingOptimization: 1
  m_KeepAnimatorControllerStateOnDisable: 0
--- !u!23 &34911812
MeshRenderer:
  m_ObjectHideFlags: 0
  m_CorrespondingSourceObject: {fileID: 23437318504081306, guid: 1e088aaf5c0c49042b60fe34bdcb66dc,
    type: 2}
  m_PrefabInternal: {fileID: 0}
  m_GameObject: {fileID: 34911809}
  m_Enabled: 1
  m_CastShadows: 1
  m_ReceiveShadows: 1
  m_DynamicOccludee: 1
  m_MotionVectors: 1
  m_LightProbeUsage: 1
  m_ReflectionProbeUsage: 1
  m_RenderingLayerMask: 4294967295
  m_Materials:
  - {fileID: 2100000, guid: 7bfb1b9120098bf4a9b04396ee3721e1, type: 2}
  m_StaticBatchInfo:
    firstSubMesh: 0
    subMeshCount: 0
  m_StaticBatchRoot: {fileID: 0}
  m_ProbeAnchor: {fileID: 0}
  m_LightProbeVolumeOverride: {fileID: 0}
  m_ScaleInLightmap: 1
  m_PreserveUVs: 0
  m_IgnoreNormalsForChartDetection: 0
  m_ImportantGI: 0
  m_StitchLightmapSeams: 0
  m_SelectedEditorRenderState: 3
  m_MinimumChartSize: 4
  m_AutoUVMaxDistance: 0.5
  m_AutoUVMaxAngle: 89
  m_LightmapParameters: {fileID: 15201, guid: 0000000000000000f000000000000000, type: 0}
  m_SortingLayerID: 0
  m_SortingLayer: 0
  m_SortingOrder: 0
--- !u!33 &34911813
MeshFilter:
  m_ObjectHideFlags: 0
  m_CorrespondingSourceObject: {fileID: 33590771613544540, guid: 1e088aaf5c0c49042b60fe34bdcb66dc,
    type: 2}
  m_PrefabInternal: {fileID: 0}
  m_GameObject: {fileID: 34911809}
  m_Mesh: {fileID: 4300000, guid: 5ec3b0eba5c1e344c91a675985500633, type: 3}
--- !u!1 &170076733
GameObject:
  m_ObjectHideFlags: 0
  m_CorrespondingSourceObject: {fileID: 0}
  m_PrefabInternal: {fileID: 0}
  serializedVersion: 6
  m_Component:
  - component: {fileID: 170076735}
  - component: {fileID: 170076734}
  m_Layer: 0
  m_Name: Directional Light
  m_TagString: Untagged
  m_Icon: {fileID: 0}
  m_NavMeshLayer: 0
  m_StaticEditorFlags: 0
  m_IsActive: 1
--- !u!108 &170076734
Light:
  m_ObjectHideFlags: 0
  m_CorrespondingSourceObject: {fileID: 0}
  m_PrefabInternal: {fileID: 0}
  m_GameObject: {fileID: 170076733}
  m_Enabled: 1
  serializedVersion: 8
  m_Type: 1
  m_Color: {r: 1, g: 0.95686275, b: 0.8392157, a: 1}
  m_Intensity: 1
  m_Range: 10
  m_SpotAngle: 30
  m_CookieSize: 10
  m_Shadows:
    m_Type: 2
    m_Resolution: -1
    m_CustomResolution: -1
    m_Strength: 1
    m_Bias: 0.05
    m_NormalBias: 0.4
    m_NearPlane: 0.2
  m_Cookie: {fileID: 0}
  m_DrawHalo: 0
  m_Flare: {fileID: 0}
  m_RenderMode: 0
  m_CullingMask:
    serializedVersion: 2
    m_Bits: 4294967295
  m_Lightmapping: 1
  m_LightShadowCasterMode: 0
  m_AreaSize: {x: 1, y: 1}
  m_BounceIntensity: 1
  m_ColorTemperature: 6570
  m_UseColorTemperature: 0
  m_ShadowRadius: 0
  m_ShadowAngle: 0
--- !u!4 &170076735
Transform:
  m_ObjectHideFlags: 0
  m_CorrespondingSourceObject: {fileID: 0}
  m_PrefabInternal: {fileID: 0}
  m_GameObject: {fileID: 170076733}
  m_LocalRotation: {x: 0.40821788, y: -0.23456968, z: 0.10938163, w: 0.8754261}
  m_LocalPosition: {x: 0, y: 3, z: 0}
  m_LocalScale: {x: 1, y: 1, z: 1}
  m_Children: []
  m_Father: {fileID: 0}
  m_RootOrder: 0
  m_LocalEulerAnglesHint: {x: 50, y: -30, z: 0}
--- !u!1001 &291825598
Prefab:
  m_ObjectHideFlags: 0
  serializedVersion: 2
  m_Modification:
    m_TransformParent: {fileID: 0}
    m_Modifications:
    - target: {fileID: 400014, guid: faef0c2a1235bde49bfc9774655ba478, type: 3}
      propertyPath: m_LocalPosition.x
      value: 0
      objectReference: {fileID: 0}
    - target: {fileID: 400014, guid: faef0c2a1235bde49bfc9774655ba478, type: 3}
      propertyPath: m_LocalPosition.y
      value: 0
      objectReference: {fileID: 0}
    - target: {fileID: 400014, guid: faef0c2a1235bde49bfc9774655ba478, type: 3}
      propertyPath: m_LocalPosition.z
      value: 0
      objectReference: {fileID: 0}
    - target: {fileID: 400014, guid: faef0c2a1235bde49bfc9774655ba478, type: 3}
      propertyPath: m_LocalRotation.x
      value: 0
      objectReference: {fileID: 0}
    - target: {fileID: 400014, guid: faef0c2a1235bde49bfc9774655ba478, type: 3}
      propertyPath: m_LocalRotation.y
      value: 0
      objectReference: {fileID: 0}
    - target: {fileID: 400014, guid: faef0c2a1235bde49bfc9774655ba478, type: 3}
      propertyPath: m_LocalRotation.z
      value: 0
      objectReference: {fileID: 0}
    - target: {fileID: 400014, guid: faef0c2a1235bde49bfc9774655ba478, type: 3}
      propertyPath: m_LocalRotation.w
      value: 1
      objectReference: {fileID: 0}
    - target: {fileID: 400014, guid: faef0c2a1235bde49bfc9774655ba478, type: 3}
      propertyPath: m_RootOrder
      value: 3
      objectReference: {fileID: 0}
    - target: {fileID: 13700000, guid: faef0c2a1235bde49bfc9774655ba478, type: 3}
      propertyPath: m_Materials.Array.data[0]
      value: 
      objectReference: {fileID: 2100000, guid: f6579ddc5b16ac24da68df1717e57a80, type: 2}
    - target: {fileID: 400014, guid: faef0c2a1235bde49bfc9774655ba478, type: 3}
      propertyPath: m_LocalScale.x
      value: 2
      objectReference: {fileID: 0}
    - target: {fileID: 400014, guid: faef0c2a1235bde49bfc9774655ba478, type: 3}
      propertyPath: m_LocalScale.y
      value: 2
      objectReference: {fileID: 0}
    - target: {fileID: 400014, guid: faef0c2a1235bde49bfc9774655ba478, type: 3}
      propertyPath: m_LocalScale.z
      value: 2
      objectReference: {fileID: 0}
    - target: {fileID: 9500000, guid: faef0c2a1235bde49bfc9774655ba478, type: 3}
      propertyPath: m_Controller
      value: 
      objectReference: {fileID: 9100000, guid: 26ee7e5966ffff04c990bf57e29e7d67, type: 2}
    - target: {fileID: 100014, guid: faef0c2a1235bde49bfc9774655ba478, type: 3}
      propertyPath: m_Name
      value: Player
      objectReference: {fileID: 0}
    m_RemovedComponents: []
  m_SourcePrefab: {fileID: 100100000, guid: faef0c2a1235bde49bfc9774655ba478, type: 3}
  m_IsPrefabAsset: 0
--- !u!1 &292552407
GameObject:
  m_ObjectHideFlags: 0
  m_CorrespondingSourceObject: {fileID: 1148625459195582, guid: 1e088aaf5c0c49042b60fe34bdcb66dc,
    type: 2}
  m_PrefabInternal: {fileID: 0}
  serializedVersion: 6
  m_Component:
  - component: {fileID: 292552408}
  - component: {fileID: 292552411}
  - component: {fileID: 292552410}
  - component: {fileID: 292552409}
  m_Layer: 0
  m_Name: pink_flower
  m_TagString: Untagged
  m_Icon: {fileID: 0}
  m_NavMeshLayer: 0
  m_StaticEditorFlags: 4294967295
  m_IsActive: 1
--- !u!4 &292552408
Transform:
  m_ObjectHideFlags: 0
  m_CorrespondingSourceObject: {fileID: 4407436085839170, guid: 1e088aaf5c0c49042b60fe34bdcb66dc,
    type: 2}
  m_PrefabInternal: {fileID: 0}
  m_GameObject: {fileID: 292552407}
  m_LocalRotation: {x: -0.59872216, y: -0.46778145, z: 0.6249673, w: -0.17924365}
  m_LocalPosition: {x: 6.086037, y: -10.146515, z: 6.1744156}
  m_LocalScale: {x: 0.97703683, y: 0.977037, z: 0.977037}
  m_Children: []
  m_Father: {fileID: 616594277}
  m_RootOrder: 12
  m_LocalEulerAnglesHint: {x: 0, y: 0, z: 0}
--- !u!95 &292552409
Animator:
  serializedVersion: 3
  m_ObjectHideFlags: 0
  m_CorrespondingSourceObject: {fileID: 95808169240460432, guid: 1e088aaf5c0c49042b60fe34bdcb66dc,
    type: 2}
  m_PrefabInternal: {fileID: 0}
  m_GameObject: {fileID: 292552407}
  m_Enabled: 1
  m_Avatar: {fileID: 9000000, guid: d4a19aa451f9aa948b7f0e5673514002, type: 3}
  m_Controller: {fileID: 0}
  m_CullingMode: 0
  m_UpdateMode: 0
  m_ApplyRootMotion: 0
  m_LinearVelocityBlending: 0
  m_WarningMessage: 
  m_HasTransformHierarchy: 1
  m_AllowConstantClipSamplingOptimization: 1
  m_KeepAnimatorControllerStateOnDisable: 0
--- !u!23 &292552410
MeshRenderer:
  m_ObjectHideFlags: 0
  m_CorrespondingSourceObject: {fileID: 23079430056787386, guid: 1e088aaf5c0c49042b60fe34bdcb66dc,
    type: 2}
  m_PrefabInternal: {fileID: 0}
  m_GameObject: {fileID: 292552407}
  m_Enabled: 1
  m_CastShadows: 1
  m_ReceiveShadows: 1
  m_DynamicOccludee: 1
  m_MotionVectors: 1
  m_LightProbeUsage: 1
  m_ReflectionProbeUsage: 1
  m_RenderingLayerMask: 4294967295
  m_Materials:
  - {fileID: 2100000, guid: 7bfb1b9120098bf4a9b04396ee3721e1, type: 2}
  m_StaticBatchInfo:
    firstSubMesh: 0
    subMeshCount: 0
  m_StaticBatchRoot: {fileID: 0}
  m_ProbeAnchor: {fileID: 0}
  m_LightProbeVolumeOverride: {fileID: 0}
  m_ScaleInLightmap: 1
  m_PreserveUVs: 0
  m_IgnoreNormalsForChartDetection: 0
  m_ImportantGI: 0
  m_StitchLightmapSeams: 0
  m_SelectedEditorRenderState: 3
  m_MinimumChartSize: 4
  m_AutoUVMaxDistance: 0.5
  m_AutoUVMaxAngle: 89
  m_LightmapParameters: {fileID: 15201, guid: 0000000000000000f000000000000000, type: 0}
  m_SortingLayerID: 0
  m_SortingLayer: 0
  m_SortingOrder: 0
--- !u!33 &292552411
MeshFilter:
  m_ObjectHideFlags: 0
  m_CorrespondingSourceObject: {fileID: 33783112104583636, guid: 1e088aaf5c0c49042b60fe34bdcb66dc,
    type: 2}
  m_PrefabInternal: {fileID: 0}
  m_GameObject: {fileID: 292552407}
  m_Mesh: {fileID: 4300000, guid: d4a19aa451f9aa948b7f0e5673514002, type: 3}
--- !u!1 &414537742
GameObject:
  m_ObjectHideFlags: 0
  m_CorrespondingSourceObject: {fileID: 0}
  m_PrefabInternal: {fileID: 0}
  serializedVersion: 6
  m_Component:
  - component: {fileID: 414537743}
  - component: {fileID: 414537745}
  - component: {fileID: 414537744}
  m_Layer: 5
  m_Name: Text
  m_TagString: Untagged
  m_Icon: {fileID: 0}
  m_NavMeshLayer: 0
  m_StaticEditorFlags: 0
  m_IsActive: 1
--- !u!224 &414537743
RectTransform:
  m_ObjectHideFlags: 0
  m_CorrespondingSourceObject: {fileID: 0}
  m_PrefabInternal: {fileID: 0}
  m_GameObject: {fileID: 414537742}
  m_LocalRotation: {x: 0, y: 0, z: 0, w: 1}
  m_LocalPosition: {x: 0, y: 0, z: 0}
  m_LocalScale: {x: 1, y: 1, z: 1}
  m_Children: []
  m_Father: {fileID: 777655730}
  m_RootOrder: 0
  m_LocalEulerAnglesHint: {x: 0, y: 0, z: 0}
  m_AnchorMin: {x: 0, y: 0}
  m_AnchorMax: {x: 1, y: 1}
  m_AnchoredPosition: {x: 0, y: 0}
  m_SizeDelta: {x: 0, y: 0}
  m_Pivot: {x: 0.5, y: 0.5}
--- !u!114 &414537744
MonoBehaviour:
  m_ObjectHideFlags: 0
  m_CorrespondingSourceObject: {fileID: 0}
  m_PrefabInternal: {fileID: 0}
  m_GameObject: {fileID: 414537742}
  m_Enabled: 1
  m_EditorHideFlags: 0
  m_Script: {fileID: 708705254, guid: f70555f144d8491a825f0804e09c671c, type: 3}
  m_Name: 
  m_EditorClassIdentifier: 
  m_Material: {fileID: 0}
  m_Color: {r: 0.19607843, g: 0.19607843, b: 0.19607843, a: 1}
  m_RaycastTarget: 1
  m_OnCullStateChanged:
    m_PersistentCalls:
      m_Calls: []
    m_TypeName: UnityEngine.UI.MaskableGraphic+CullStateChangedEvent, UnityEngine.UI,
      Version=1.0.0.0, Culture=neutral, PublicKeyToken=null
  m_FontData:
    m_Font: {fileID: 10102, guid: 0000000000000000e000000000000000, type: 0}
    m_FontSize: 14
    m_FontStyle: 0
    m_BestFit: 0
    m_MinSize: 10
    m_MaxSize: 40
    m_Alignment: 4
    m_AlignByGeometry: 0
    m_RichText: 1
    m_HorizontalOverflow: 0
    m_VerticalOverflow: 0
    m_LineSpacing: 1
  m_Text: Restart
--- !u!222 &414537745
CanvasRenderer:
  m_ObjectHideFlags: 0
  m_CorrespondingSourceObject: {fileID: 0}
  m_PrefabInternal: {fileID: 0}
  m_GameObject: {fileID: 414537742}
  m_CullTransparentMesh: 0
--- !u!1 &435985946
GameObject:
  m_ObjectHideFlags: 0
  m_CorrespondingSourceObject: {fileID: 1183118813427876, guid: 1e088aaf5c0c49042b60fe34bdcb66dc,
    type: 2}
  m_PrefabInternal: {fileID: 0}
  serializedVersion: 6
  m_Component:
  - component: {fileID: 435985947}
  - component: {fileID: 435985950}
  - component: {fileID: 435985949}
  - component: {fileID: 435985948}
  m_Layer: 0
  m_Name: pink_flower
  m_TagString: Untagged
  m_Icon: {fileID: 0}
  m_NavMeshLayer: 0
  m_StaticEditorFlags: 4294967295
  m_IsActive: 1
--- !u!4 &435985947
Transform:
  m_ObjectHideFlags: 0
  m_CorrespondingSourceObject: {fileID: 4641865971331518, guid: 1e088aaf5c0c49042b60fe34bdcb66dc,
    type: 2}
  m_PrefabInternal: {fileID: 0}
  m_GameObject: {fileID: 435985946}
  m_LocalRotation: {x: 0.15042222, y: 0.5414512, z: 0.6942833, w: 0.4496381}
  m_LocalPosition: {x: 3.0879002, y: 1.6165109, z: 16.671469}
  m_LocalScale: {x: 0.77948785, y: 0.7794878, z: 0.7794877}
  m_Children: []
  m_Father: {fileID: 616594277}
  m_RootOrder: 9
  m_LocalEulerAnglesHint: {x: 0, y: 0, z: 0}
--- !u!95 &435985948
Animator:
  serializedVersion: 3
  m_ObjectHideFlags: 0
  m_CorrespondingSourceObject: {fileID: 95508369597680530, guid: 1e088aaf5c0c49042b60fe34bdcb66dc,
    type: 2}
  m_PrefabInternal: {fileID: 0}
  m_GameObject: {fileID: 435985946}
  m_Enabled: 1
  m_Avatar: {fileID: 9000000, guid: d4a19aa451f9aa948b7f0e5673514002, type: 3}
  m_Controller: {fileID: 0}
  m_CullingMode: 0
  m_UpdateMode: 0
  m_ApplyRootMotion: 0
  m_LinearVelocityBlending: 0
  m_WarningMessage: 
  m_HasTransformHierarchy: 1
  m_AllowConstantClipSamplingOptimization: 1
  m_KeepAnimatorControllerStateOnDisable: 0
--- !u!23 &435985949
MeshRenderer:
  m_ObjectHideFlags: 0
  m_CorrespondingSourceObject: {fileID: 23943266635523104, guid: 1e088aaf5c0c49042b60fe34bdcb66dc,
    type: 2}
  m_PrefabInternal: {fileID: 0}
  m_GameObject: {fileID: 435985946}
  m_Enabled: 1
  m_CastShadows: 1
  m_ReceiveShadows: 1
  m_DynamicOccludee: 1
  m_MotionVectors: 1
  m_LightProbeUsage: 1
  m_ReflectionProbeUsage: 1
  m_RenderingLayerMask: 4294967295
  m_Materials:
  - {fileID: 2100000, guid: 7bfb1b9120098bf4a9b04396ee3721e1, type: 2}
  m_StaticBatchInfo:
    firstSubMesh: 0
    subMeshCount: 0
  m_StaticBatchRoot: {fileID: 0}
  m_ProbeAnchor: {fileID: 0}
  m_LightProbeVolumeOverride: {fileID: 0}
  m_ScaleInLightmap: 1
  m_PreserveUVs: 0
  m_IgnoreNormalsForChartDetection: 0
  m_ImportantGI: 0
  m_StitchLightmapSeams: 0
  m_SelectedEditorRenderState: 3
  m_MinimumChartSize: 4
  m_AutoUVMaxDistance: 0.5
  m_AutoUVMaxAngle: 89
  m_LightmapParameters: {fileID: 15201, guid: 0000000000000000f000000000000000, type: 0}
  m_SortingLayerID: 0
  m_SortingLayer: 0
  m_SortingOrder: 0
--- !u!33 &435985950
MeshFilter:
  m_ObjectHideFlags: 0
  m_CorrespondingSourceObject: {fileID: 33416560378026170, guid: 1e088aaf5c0c49042b60fe34bdcb66dc,
    type: 2}
  m_PrefabInternal: {fileID: 0}
  m_GameObject: {fileID: 435985946}
  m_Mesh: {fileID: 4300000, guid: d4a19aa451f9aa948b7f0e5673514002, type: 3}
--- !u!1 &497500203
GameObject:
  m_ObjectHideFlags: 0
  m_CorrespondingSourceObject: {fileID: 1830324705457490, guid: 1e088aaf5c0c49042b60fe34bdcb66dc,
    type: 2}
  m_PrefabInternal: {fileID: 0}
  serializedVersion: 6
  m_Component:
  - component: {fileID: 497500204}
  - component: {fileID: 497500207}
  - component: {fileID: 497500206}
  - component: {fileID: 497500205}
  m_Layer: 0
  m_Name: Plane
  m_TagString: Untagged
  m_Icon: {fileID: 0}
  m_NavMeshLayer: 0
  m_StaticEditorFlags: 0
  m_IsActive: 1
--- !u!4 &497500204
Transform:
  m_ObjectHideFlags: 0
  m_CorrespondingSourceObject: {fileID: 4819483074899188, guid: 1e088aaf5c0c49042b60fe34bdcb66dc,
    type: 2}
  m_PrefabInternal: {fileID: 0}
  m_GameObject: {fileID: 497500203}
  m_LocalRotation: {x: -0, y: -0.70710677, z: -0, w: 0.7071068}
  m_LocalPosition: {x: -0.7104721, y: -0.008591973, z: 50.883045}
  m_LocalScale: {x: 4.000111, y: 2.0000544, z: 4.26435}
  m_Children: []
  m_Father: {fileID: 0}
  m_RootOrder: 1
  m_LocalEulerAnglesHint: {x: 0, y: 0, z: 0}
--- !u!23 &497500205
MeshRenderer:
  m_ObjectHideFlags: 0
  m_CorrespondingSourceObject: {fileID: 23631656032297896, guid: 1e088aaf5c0c49042b60fe34bdcb66dc,
    type: 2}
  m_PrefabInternal: {fileID: 0}
  m_GameObject: {fileID: 497500203}
  m_Enabled: 1
  m_CastShadows: 1
  m_ReceiveShadows: 1
  m_DynamicOccludee: 1
  m_MotionVectors: 1
  m_LightProbeUsage: 1
  m_ReflectionProbeUsage: 1
  m_RenderingLayerMask: 4294967295
  m_Materials:
  - {fileID: 2100000, guid: 0b050d695404bee4a96c27d1cc8c8bc0, type: 2}
  m_StaticBatchInfo:
    firstSubMesh: 0
    subMeshCount: 0
  m_StaticBatchRoot: {fileID: 0}
  m_ProbeAnchor: {fileID: 0}
  m_LightProbeVolumeOverride: {fileID: 0}
  m_ScaleInLightmap: 1
  m_PreserveUVs: 1
  m_IgnoreNormalsForChartDetection: 0
  m_ImportantGI: 0
  m_StitchLightmapSeams: 0
  m_SelectedEditorRenderState: 3
  m_MinimumChartSize: 4
  m_AutoUVMaxDistance: 0.5
  m_AutoUVMaxAngle: 89
  m_LightmapParameters: {fileID: 0}
  m_SortingLayerID: 0
  m_SortingLayer: 0
  m_SortingOrder: 0
--- !u!64 &497500206
MeshCollider:
  m_ObjectHideFlags: 0
  m_CorrespondingSourceObject: {fileID: 64390512016508640, guid: 1e088aaf5c0c49042b60fe34bdcb66dc,
    type: 2}
  m_PrefabInternal: {fileID: 0}
  m_GameObject: {fileID: 497500203}
  m_Material: {fileID: 0}
  m_IsTrigger: 0
  m_Enabled: 1
  serializedVersion: 3
  m_Convex: 1
  m_CookingOptions: 14
  m_SkinWidth: 0.01
  m_Mesh: {fileID: 10209, guid: 0000000000000000e000000000000000, type: 0}
--- !u!33 &497500207
MeshFilter:
  m_ObjectHideFlags: 0
  m_CorrespondingSourceObject: {fileID: 33112555974177588, guid: 1e088aaf5c0c49042b60fe34bdcb66dc,
    type: 2}
  m_PrefabInternal: {fileID: 0}
  m_GameObject: {fileID: 497500203}
  m_Mesh: {fileID: 10209, guid: 0000000000000000e000000000000000, type: 0}
--- !u!1 &534669902
GameObject:
  m_ObjectHideFlags: 0
  m_CorrespondingSourceObject: {fileID: 0}
  m_PrefabInternal: {fileID: 0}
  serializedVersion: 6
  m_Component:
  - component: {fileID: 534669905}
  - component: {fileID: 534669904}
  - component: {fileID: 534669903}
  m_Layer: 0
  m_Name: Main Camera
  m_TagString: Untagged
  m_Icon: {fileID: 0}
  m_NavMeshLayer: 0
  m_StaticEditorFlags: 0
  m_IsActive: 1
--- !u!81 &534669903
AudioListener:
  m_ObjectHideFlags: 0
  m_CorrespondingSourceObject: {fileID: 0}
  m_PrefabInternal: {fileID: 0}
  m_GameObject: {fileID: 534669902}
  m_Enabled: 1
--- !u!20 &534669904
Camera:
  m_ObjectHideFlags: 0
  m_CorrespondingSourceObject: {fileID: 0}
  m_PrefabInternal: {fileID: 0}
  m_GameObject: {fileID: 534669902}
  m_Enabled: 1
  serializedVersion: 2
  m_ClearFlags: 1
  m_BackGroundColor: {r: 0.19215687, g: 0.3019608, b: 0.4745098, a: 0}
  m_projectionMatrixMode: 1
  m_SensorSize: {x: 36, y: 24}
  m_LensShift: {x: 0, y: 0}
  m_FocalLength: 50
  m_NormalizedViewPortRect:
    serializedVersion: 2
    x: 0
    y: 0
    width: 1
    height: 1
  near clip plane: 0.3
  far clip plane: 1000
  field of view: 50.8
  orthographic: 0
  orthographic size: 5
  m_Depth: -1
  m_CullingMask:
    serializedVersion: 2
    m_Bits: 4294967295
  m_RenderingPath: -1
  m_TargetTexture: {fileID: 0}
  m_TargetDisplay: 0
  m_TargetEye: 3
  m_HDR: 1
  m_AllowMSAA: 1
  m_AllowDynamicResolution: 0
  m_ForceIntoRT: 0
  m_OcclusionCulling: 1
  m_StereoConvergence: 10
  m_StereoSeparation: 0.022
--- !u!4 &534669905
Transform:
  m_ObjectHideFlags: 0
  m_CorrespondingSourceObject: {fileID: 0}
  m_PrefabInternal: {fileID: 0}
  m_GameObject: {fileID: 534669902}
  m_LocalRotation: {x: 0.19714406, y: 0, z: 0, w: 0.9803746}
  m_LocalPosition: {x: 0, y: 4.9, z: -5}
  m_LocalScale: {x: 0.5, y: 0.5, z: 0.5}
  m_Children: []
  m_Father: {fileID: 1278000362}
  m_RootOrder: 6
  m_LocalEulerAnglesHint: {x: 22.74, y: 0, z: 0}
--- !u!1 &586658027
GameObject:
  m_ObjectHideFlags: 0
  m_CorrespondingSourceObject: {fileID: 1342109984695070, guid: 1e088aaf5c0c49042b60fe34bdcb66dc,
    type: 2}
  m_PrefabInternal: {fileID: 0}
  serializedVersion: 6
  m_Component:
  - component: {fileID: 586658028}
  - component: {fileID: 586658032}
  - component: {fileID: 586658031}
  - component: {fileID: 586658030}
  - component: {fileID: 586658029}
  m_Layer: 0
  m_Name: jungle branch
  m_TagString: Untagged
  m_Icon: {fileID: 0}
  m_NavMeshLayer: 0
  m_StaticEditorFlags: 4294967295
  m_IsActive: 1
--- !u!4 &586658028
Transform:
  m_ObjectHideFlags: 0
  m_CorrespondingSourceObject: {fileID: 4251301567543400, guid: 1e088aaf5c0c49042b60fe34bdcb66dc,
    type: 2}
  m_PrefabInternal: {fileID: 0}
  m_GameObject: {fileID: 586658027}
  m_LocalRotation: {x: -0.10188819, y: -0.043145776, z: 0.08993016, w: -0.98978275}
  m_LocalPosition: {x: -1.7785975, y: 1.0576138, z: 20.646755}
  m_LocalScale: {x: 0.7951473, y: 0.7951472, z: 0.79514706}
  m_Children: []
  m_Father: {fileID: 616594277}
  m_RootOrder: 7
  m_LocalEulerAnglesHint: {x: 0, y: 0, z: 0}
--- !u!95 &586658029
Animator:
  serializedVersion: 3
  m_ObjectHideFlags: 0
  m_CorrespondingSourceObject: {fileID: 95049088333043898, guid: 1e088aaf5c0c49042b60fe34bdcb66dc,
    type: 2}
  m_PrefabInternal: {fileID: 0}
  m_GameObject: {fileID: 586658027}
  m_Enabled: 1
  m_Avatar: {fileID: 9000000, guid: 40977895a1fe7a24193beaa27d820c7a, type: 3}
  m_Controller: {fileID: 0}
  m_CullingMode: 0
  m_UpdateMode: 0
  m_ApplyRootMotion: 0
  m_LinearVelocityBlending: 0
  m_WarningMessage: 
  m_HasTransformHierarchy: 1
  m_AllowConstantClipSamplingOptimization: 1
  m_KeepAnimatorControllerStateOnDisable: 0
--- !u!64 &586658030
MeshCollider:
  m_ObjectHideFlags: 0
  m_CorrespondingSourceObject: {fileID: 64496771244631788, guid: 1e088aaf5c0c49042b60fe34bdcb66dc,
    type: 2}
  m_PrefabInternal: {fileID: 0}
  m_GameObject: {fileID: 586658027}
  m_Material: {fileID: 0}
  m_IsTrigger: 0
  m_Enabled: 1
  serializedVersion: 3
  m_Convex: 0
  m_CookingOptions: 14
  m_SkinWidth: 0.01
  m_Mesh: {fileID: 4300000, guid: 40977895a1fe7a24193beaa27d820c7a, type: 3}
--- !u!23 &586658031
MeshRenderer:
  m_ObjectHideFlags: 0
  m_CorrespondingSourceObject: {fileID: 23720795660178892, guid: 1e088aaf5c0c49042b60fe34bdcb66dc,
    type: 2}
  m_PrefabInternal: {fileID: 0}
  m_GameObject: {fileID: 586658027}
  m_Enabled: 1
  m_CastShadows: 1
  m_ReceiveShadows: 1
  m_DynamicOccludee: 1
  m_MotionVectors: 1
  m_LightProbeUsage: 1
  m_ReflectionProbeUsage: 1
  m_RenderingLayerMask: 4294967295
  m_Materials:
  - {fileID: 2100000, guid: a570728bc0c687e4eb473452b383eefd, type: 2}
  m_StaticBatchInfo:
    firstSubMesh: 0
    subMeshCount: 0
  m_StaticBatchRoot: {fileID: 0}
  m_ProbeAnchor: {fileID: 0}
  m_LightProbeVolumeOverride: {fileID: 0}
  m_ScaleInLightmap: 1
  m_PreserveUVs: 0
  m_IgnoreNormalsForChartDetection: 0
  m_ImportantGI: 0
  m_StitchLightmapSeams: 0
  m_SelectedEditorRenderState: 3
  m_MinimumChartSize: 4
  m_AutoUVMaxDistance: 0.5
  m_AutoUVMaxAngle: 89
  m_LightmapParameters: {fileID: 15201, guid: 0000000000000000f000000000000000, type: 0}
  m_SortingLayerID: 0
  m_SortingLayer: 0
  m_SortingOrder: 0
--- !u!33 &586658032
MeshFilter:
  m_ObjectHideFlags: 0
  m_CorrespondingSourceObject: {fileID: 33228974028289682, guid: 1e088aaf5c0c49042b60fe34bdcb66dc,
    type: 2}
  m_PrefabInternal: {fileID: 0}
  m_GameObject: {fileID: 586658027}
  m_Mesh: {fileID: 4300000, guid: 40977895a1fe7a24193beaa27d820c7a, type: 3}
--- !u!1 &616594276
GameObject:
  m_ObjectHideFlags: 0
  m_CorrespondingSourceObject: {fileID: 1996389493217916, guid: 1e088aaf5c0c49042b60fe34bdcb66dc,
    type: 2}
  m_PrefabInternal: {fileID: 0}
  serializedVersion: 6
  m_Component:
  - component: {fileID: 616594277}
  - component: {fileID: 616594281}
  - component: {fileID: 616594280}
  - component: {fileID: 616594279}
  - component: {fileID: 616594278}
  m_Layer: 0
  m_Name: jungle tree (8)
  m_TagString: Untagged
  m_Icon: {fileID: 0}
  m_NavMeshLayer: 0
  m_StaticEditorFlags: 4294967295
  m_IsActive: 0
--- !u!4 &616594277
Transform:
  m_ObjectHideFlags: 0
  m_CorrespondingSourceObject: {fileID: 4429075676505220, guid: 1e088aaf5c0c49042b60fe34bdcb66dc,
    type: 2}
  m_PrefabInternal: {fileID: 0}
  m_GameObject: {fileID: 616594276}
  m_LocalRotation: {x: 0.13790272, y: 0.6892219, z: 0.707493, w: -0.07355063}
  m_LocalPosition: {x: 16.68003, y: -0.20860963, z: 56.671455}
  m_LocalScale: {x: 0.379488, y: 0.37948787, z: 0.37948778}
  m_Children:
  - {fileID: 1455899610}
  - {fileID: 1193532443}
  - {fileID: 1621285106}
  - {fileID: 818431923}
  - {fileID: 791140950}
  - {fileID: 34911810}
  - {fileID: 2145778666}
  - {fileID: 586658028}
  - {fileID: 2005615285}
  - {fileID: 435985947}
  - {fileID: 843964509}
  - {fileID: 1699093996}
  - {fileID: 292552408}
  - {fileID: 1204652782}
  - {fileID: 2125802787}
  - {fileID: 913851582}
  - {fileID: 1156731084}
  - {fileID: 1242458609}
  - {fileID: 1767123499}
  m_Father: {fileID: 0}
  m_RootOrder: 2
  m_LocalEulerAnglesHint: {x: -84.578, y: 172.75801, z: 114.46001}
--- !u!95 &616594278
Animator:
  serializedVersion: 3
  m_ObjectHideFlags: 0
  m_CorrespondingSourceObject: {fileID: 95649852188388230, guid: 1e088aaf5c0c49042b60fe34bdcb66dc,
    type: 2}
  m_PrefabInternal: {fileID: 0}
  m_GameObject: {fileID: 616594276}
  m_Enabled: 1
  m_Avatar: {fileID: 9000000, guid: 93c6c4fedd01e8344895d7976d6a9d72, type: 3}
  m_Controller: {fileID: 0}
  m_CullingMode: 0
  m_UpdateMode: 0
  m_ApplyRootMotion: 0
  m_LinearVelocityBlending: 0
  m_WarningMessage: 
  m_HasTransformHierarchy: 1
  m_AllowConstantClipSamplingOptimization: 1
  m_KeepAnimatorControllerStateOnDisable: 0
--- !u!64 &616594279
MeshCollider:
  m_ObjectHideFlags: 0
  m_CorrespondingSourceObject: {fileID: 64188697379704452, guid: 1e088aaf5c0c49042b60fe34bdcb66dc,
    type: 2}
  m_PrefabInternal: {fileID: 0}
  m_GameObject: {fileID: 616594276}
  m_Material: {fileID: 0}
  m_IsTrigger: 0
  m_Enabled: 1
  serializedVersion: 3
  m_Convex: 0
  m_CookingOptions: 14
  m_SkinWidth: 0.01
  m_Mesh: {fileID: 4300000, guid: 93c6c4fedd01e8344895d7976d6a9d72, type: 3}
--- !u!23 &616594280
MeshRenderer:
  m_ObjectHideFlags: 0
  m_CorrespondingSourceObject: {fileID: 23812069369972624, guid: 1e088aaf5c0c49042b60fe34bdcb66dc,
    type: 2}
  m_PrefabInternal: {fileID: 0}
  m_GameObject: {fileID: 616594276}
  m_Enabled: 1
  m_CastShadows: 1
  m_ReceiveShadows: 1
  m_DynamicOccludee: 1
  m_MotionVectors: 1
  m_LightProbeUsage: 1
  m_ReflectionProbeUsage: 1
  m_RenderingLayerMask: 4294967295
  m_Materials:
  - {fileID: 2100000, guid: 3f3d23e6741b00742b677b05b4c394fa, type: 2}
  m_StaticBatchInfo:
    firstSubMesh: 0
    subMeshCount: 0
  m_StaticBatchRoot: {fileID: 0}
  m_ProbeAnchor: {fileID: 0}
  m_LightProbeVolumeOverride: {fileID: 0}
  m_ScaleInLightmap: 1
  m_PreserveUVs: 0
  m_IgnoreNormalsForChartDetection: 0
  m_ImportantGI: 0
  m_StitchLightmapSeams: 0
  m_SelectedEditorRenderState: 3
  m_MinimumChartSize: 4
  m_AutoUVMaxDistance: 0.5
  m_AutoUVMaxAngle: 89
  m_LightmapParameters: {fileID: 15201, guid: 0000000000000000f000000000000000, type: 0}
  m_SortingLayerID: 0
  m_SortingLayer: 0
  m_SortingOrder: 0
--- !u!33 &616594281
MeshFilter:
  m_ObjectHideFlags: 0
  m_CorrespondingSourceObject: {fileID: 33761491227075450, guid: 1e088aaf5c0c49042b60fe34bdcb66dc,
    type: 2}
  m_PrefabInternal: {fileID: 0}
  m_GameObject: {fileID: 616594276}
  m_Mesh: {fileID: 4300000, guid: 93c6c4fedd01e8344895d7976d6a9d72, type: 3}
--- !u!1 &707218262
GameObject:
  m_ObjectHideFlags: 0
  m_CorrespondingSourceObject: {fileID: 0}
  m_PrefabInternal: {fileID: 0}
  serializedVersion: 6
  m_Component:
  - component: {fileID: 707218263}
  m_Layer: 0
  m_Name: Obstacles
  m_TagString: Untagged
  m_Icon: {fileID: 0}
  m_NavMeshLayer: 0
  m_StaticEditorFlags: 0
  m_IsActive: 1
--- !u!4 &707218263
Transform:
  m_ObjectHideFlags: 0
  m_CorrespondingSourceObject: {fileID: 0}
  m_PrefabInternal: {fileID: 0}
  m_GameObject: {fileID: 707218262}
  m_LocalRotation: {x: 0, y: 0, z: 0, w: 1}
  m_LocalPosition: {x: -3.323903, y: 2.496416, z: 37.920933}
  m_LocalScale: {x: 1, y: 1, z: 1}
  m_Children: []
  m_Father: {fileID: 0}
  m_RootOrder: 6
  m_LocalEulerAnglesHint: {x: 0, y: 0, z: 0}
--- !u!1 &777655729
GameObject:
  m_ObjectHideFlags: 0
  m_CorrespondingSourceObject: {fileID: 0}
  m_PrefabInternal: {fileID: 0}
  serializedVersion: 6
  m_Component:
  - component: {fileID: 777655730}
  - component: {fileID: 777655733}
  - component: {fileID: 777655732}
  - component: {fileID: 777655731}
  m_Layer: 5
  m_Name: Button
  m_TagString: Untagged
  m_Icon: {fileID: 0}
  m_NavMeshLayer: 0
  m_StaticEditorFlags: 0
  m_IsActive: 1
--- !u!224 &777655730
RectTransform:
  m_ObjectHideFlags: 0
  m_CorrespondingSourceObject: {fileID: 0}
  m_PrefabInternal: {fileID: 0}
  m_GameObject: {fileID: 777655729}
  m_LocalRotation: {x: 0, y: 0, z: 0, w: 1}
  m_LocalPosition: {x: 0, y: 0, z: 0}
  m_LocalScale: {x: 1, y: 1, z: 1}
  m_Children:
  - {fileID: 414537743}
  m_Father: {fileID: 945144136}
  m_RootOrder: 0
  m_LocalEulerAnglesHint: {x: 0, y: 0, z: 0}
  m_AnchorMin: {x: 0.5, y: 0.5}
  m_AnchorMax: {x: 0.5, y: 0.5}
  m_AnchoredPosition: {x: 500, y: 269}
  m_SizeDelta: {x: 160, y: 30}
  m_Pivot: {x: 0.5, y: 0.5}
--- !u!114 &777655731
MonoBehaviour:
  m_ObjectHideFlags: 0
  m_CorrespondingSourceObject: {fileID: 0}
  m_PrefabInternal: {fileID: 0}
  m_GameObject: {fileID: 777655729}
  m_Enabled: 1
  m_EditorHideFlags: 0
  m_Script: {fileID: 1392445389, guid: f70555f144d8491a825f0804e09c671c, type: 3}
  m_Name: 
  m_EditorClassIdentifier: 
  m_Navigation:
    m_Mode: 3
    m_SelectOnUp: {fileID: 0}
    m_SelectOnDown: {fileID: 0}
    m_SelectOnLeft: {fileID: 0}
    m_SelectOnRight: {fileID: 0}
  m_Transition: 1
  m_Colors:
    m_NormalColor: {r: 1, g: 1, b: 1, a: 1}
    m_HighlightedColor: {r: 0.9607843, g: 0.9607843, b: 0.9607843, a: 1}
    m_PressedColor: {r: 0.78431374, g: 0.78431374, b: 0.78431374, a: 1}
    m_DisabledColor: {r: 0.78431374, g: 0.78431374, b: 0.78431374, a: 0.5019608}
    m_ColorMultiplier: 1
    m_FadeDuration: 0.1
  m_SpriteState:
    m_HighlightedSprite: {fileID: 0}
    m_PressedSprite: {fileID: 0}
    m_DisabledSprite: {fileID: 0}
  m_AnimationTriggers:
    m_NormalTrigger: Normal
    m_HighlightedTrigger: Highlighted
    m_PressedTrigger: Pressed
    m_DisabledTrigger: Disabled
  m_Interactable: 1
  m_TargetGraphic: {fileID: 777655732}
  m_OnClick:
    m_PersistentCalls:
      m_Calls:
      - m_Target: {fileID: 1278000360}
        m_MethodName: Restart
        m_Mode: 1
        m_Arguments:
          m_ObjectArgument: {fileID: 0}
          m_ObjectArgumentAssemblyTypeName: UnityEngine.Object, UnityEngine
          m_IntArgument: 0
          m_FloatArgument: 0
          m_StringArgument: 
          m_BoolArgument: 0
        m_CallState: 2
    m_TypeName: UnityEngine.UI.Button+ButtonClickedEvent, UnityEngine.UI, Version=1.0.0.0,
      Culture=neutral, PublicKeyToken=null
--- !u!114 &777655732
MonoBehaviour:
  m_ObjectHideFlags: 0
  m_CorrespondingSourceObject: {fileID: 0}
  m_PrefabInternal: {fileID: 0}
  m_GameObject: {fileID: 777655729}
  m_Enabled: 1
  m_EditorHideFlags: 0
  m_Script: {fileID: -765806418, guid: f70555f144d8491a825f0804e09c671c, type: 3}
  m_Name: 
  m_EditorClassIdentifier: 
  m_Material: {fileID: 0}
  m_Color: {r: 1, g: 1, b: 1, a: 1}
  m_RaycastTarget: 1
  m_OnCullStateChanged:
    m_PersistentCalls:
      m_Calls: []
    m_TypeName: UnityEngine.UI.MaskableGraphic+CullStateChangedEvent, UnityEngine.UI,
      Version=1.0.0.0, Culture=neutral, PublicKeyToken=null
  m_Sprite: {fileID: 10905, guid: 0000000000000000f000000000000000, type: 0}
  m_Type: 1
  m_PreserveAspect: 0
  m_FillCenter: 1
  m_FillMethod: 4
  m_FillAmount: 1
  m_FillClockwise: 1
  m_FillOrigin: 0
--- !u!222 &777655733
CanvasRenderer:
  m_ObjectHideFlags: 0
  m_CorrespondingSourceObject: {fileID: 0}
  m_PrefabInternal: {fileID: 0}
  m_GameObject: {fileID: 777655729}
  m_CullTransparentMesh: 0
--- !u!1 &791140949
GameObject:
  m_ObjectHideFlags: 0
  m_CorrespondingSourceObject: {fileID: 1740509656583698, guid: 1e088aaf5c0c49042b60fe34bdcb66dc,
    type: 2}
  m_PrefabInternal: {fileID: 0}
  serializedVersion: 6
  m_Component:
  - component: {fileID: 791140950}
  - component: {fileID: 791140953}
  - component: {fileID: 791140952}
  - component: {fileID: 791140951}
  m_Layer: 0
  m_Name: jungle moss
  m_TagString: Untagged
  m_Icon: {fileID: 0}
  m_NavMeshLayer: 0
  m_StaticEditorFlags: 4294967295
  m_IsActive: 1
--- !u!4 &791140950
Transform:
  m_ObjectHideFlags: 0
  m_CorrespondingSourceObject: {fileID: 4985909606139562, guid: 1e088aaf5c0c49042b60fe34bdcb66dc,
    type: 2}
  m_PrefabInternal: {fileID: 0}
  m_GameObject: {fileID: 791140949}
  m_LocalRotation: {x: -0.23149893, y: -0.35178304, z: 0.7336572, w: -0.5332955}
  m_LocalPosition: {x: 5.707139, y: -9.314018, z: 8.890027}
  m_LocalScale: {x: 1.0552689, y: 1.055269, z: 1.0552689}
  m_Children: []
  m_Father: {fileID: 616594277}
  m_RootOrder: 4
  m_LocalEulerAnglesHint: {x: 0, y: 0, z: 0}
--- !u!95 &791140951
Animator:
  serializedVersion: 3
  m_ObjectHideFlags: 0
  m_CorrespondingSourceObject: {fileID: 95553275187530628, guid: 1e088aaf5c0c49042b60fe34bdcb66dc,
    type: 2}
  m_PrefabInternal: {fileID: 0}
  m_GameObject: {fileID: 791140949}
  m_Enabled: 1
  m_Avatar: {fileID: 9000000, guid: 401733cf6a5c5ad44835abe16448ad66, type: 3}
  m_Controller: {fileID: 0}
  m_CullingMode: 0
  m_UpdateMode: 0
  m_ApplyRootMotion: 0
  m_LinearVelocityBlending: 0
  m_WarningMessage: 
  m_HasTransformHierarchy: 1
  m_AllowConstantClipSamplingOptimization: 1
  m_KeepAnimatorControllerStateOnDisable: 0
--- !u!23 &791140952
MeshRenderer:
  m_ObjectHideFlags: 0
  m_CorrespondingSourceObject: {fileID: 23033491141408256, guid: 1e088aaf5c0c49042b60fe34bdcb66dc,
    type: 2}
  m_PrefabInternal: {fileID: 0}
  m_GameObject: {fileID: 791140949}
  m_Enabled: 1
  m_CastShadows: 1
  m_ReceiveShadows: 1
  m_DynamicOccludee: 1
  m_MotionVectors: 1
  m_LightProbeUsage: 1
  m_ReflectionProbeUsage: 1
  m_RenderingLayerMask: 4294967295
  m_Materials:
  - {fileID: 2100000, guid: 7bfb1b9120098bf4a9b04396ee3721e1, type: 2}
  m_StaticBatchInfo:
    firstSubMesh: 0
    subMeshCount: 0
  m_StaticBatchRoot: {fileID: 0}
  m_ProbeAnchor: {fileID: 0}
  m_LightProbeVolumeOverride: {fileID: 0}
  m_ScaleInLightmap: 1
  m_PreserveUVs: 0
  m_IgnoreNormalsForChartDetection: 0
  m_ImportantGI: 0
  m_StitchLightmapSeams: 0
  m_SelectedEditorRenderState: 3
  m_MinimumChartSize: 4
  m_AutoUVMaxDistance: 0.5
  m_AutoUVMaxAngle: 89
  m_LightmapParameters: {fileID: 15201, guid: 0000000000000000f000000000000000, type: 0}
  m_SortingLayerID: 0
  m_SortingLayer: 0
  m_SortingOrder: 0
--- !u!33 &791140953
MeshFilter:
  m_ObjectHideFlags: 0
  m_CorrespondingSourceObject: {fileID: 33418941071822036, guid: 1e088aaf5c0c49042b60fe34bdcb66dc,
    type: 2}
  m_PrefabInternal: {fileID: 0}
  m_GameObject: {fileID: 791140949}
  m_Mesh: {fileID: 4300002, guid: 401733cf6a5c5ad44835abe16448ad66, type: 3}
--- !u!1 &818431922
GameObject:
  m_ObjectHideFlags: 0
  m_CorrespondingSourceObject: {fileID: 1833122992272786, guid: 1e088aaf5c0c49042b60fe34bdcb66dc,
    type: 2}
  m_PrefabInternal: {fileID: 0}
  serializedVersion: 6
  m_Component:
  - component: {fileID: 818431923}
  - component: {fileID: 818431926}
  - component: {fileID: 818431925}
  - component: {fileID: 818431924}
  m_Layer: 0
  m_Name: canopy_small
  m_TagString: Untagged
  m_Icon: {fileID: 0}
  m_NavMeshLayer: 0
  m_StaticEditorFlags: 4294967295
  m_IsActive: 1
--- !u!4 &818431923
Transform:
  m_ObjectHideFlags: 0
  m_CorrespondingSourceObject: {fileID: 4594017612468614, guid: 1e088aaf5c0c49042b60fe34bdcb66dc,
    type: 2}
  m_PrefabInternal: {fileID: 0}
  m_GameObject: {fileID: 818431922}
  m_LocalRotation: {x: 0.011340085, y: 0.14642265, z: -0.47186503, w: -0.8693534}
  m_LocalPosition: {x: -15.683989, y: 2.4005382, z: 33.42862}
  m_LocalScale: {x: 0.8102165, y: 0.81021667, z: 0.8102167}
  m_Children: []
  m_Father: {fileID: 616594277}
  m_RootOrder: 3
  m_LocalEulerAnglesHint: {x: 0, y: 0, z: 0}
--- !u!95 &818431924
Animator:
  serializedVersion: 3
  m_ObjectHideFlags: 0
  m_CorrespondingSourceObject: {fileID: 95358539393406830, guid: 1e088aaf5c0c49042b60fe34bdcb66dc,
    type: 2}
  m_PrefabInternal: {fileID: 0}
  m_GameObject: {fileID: 818431922}
  m_Enabled: 1
  m_Avatar: {fileID: 9000000, guid: bf9467d0bdc05aa479f7d123ddf8eda3, type: 3}
  m_Controller: {fileID: 0}
  m_CullingMode: 0
  m_UpdateMode: 0
  m_ApplyRootMotion: 0
  m_LinearVelocityBlending: 0
  m_WarningMessage: 
  m_HasTransformHierarchy: 1
  m_AllowConstantClipSamplingOptimization: 1
  m_KeepAnimatorControllerStateOnDisable: 0
--- !u!23 &818431925
MeshRenderer:
  m_ObjectHideFlags: 0
  m_CorrespondingSourceObject: {fileID: 23231789733116946, guid: 1e088aaf5c0c49042b60fe34bdcb66dc,
    type: 2}
  m_PrefabInternal: {fileID: 0}
  m_GameObject: {fileID: 818431922}
  m_Enabled: 1
  m_CastShadows: 1
  m_ReceiveShadows: 1
  m_DynamicOccludee: 1
  m_MotionVectors: 1
  m_LightProbeUsage: 1
  m_ReflectionProbeUsage: 1
  m_RenderingLayerMask: 4294967295
  m_Materials:
  - {fileID: 2100000, guid: 7bfb1b9120098bf4a9b04396ee3721e1, type: 2}
  m_StaticBatchInfo:
    firstSubMesh: 0
    subMeshCount: 0
  m_StaticBatchRoot: {fileID: 0}
  m_ProbeAnchor: {fileID: 0}
  m_LightProbeVolumeOverride: {fileID: 0}
  m_ScaleInLightmap: 1
  m_PreserveUVs: 0
  m_IgnoreNormalsForChartDetection: 0
  m_ImportantGI: 0
  m_StitchLightmapSeams: 0
  m_SelectedEditorRenderState: 3
  m_MinimumChartSize: 4
  m_AutoUVMaxDistance: 0.5
  m_AutoUVMaxAngle: 89
  m_LightmapParameters: {fileID: 15201, guid: 0000000000000000f000000000000000, type: 0}
  m_SortingLayerID: 0
  m_SortingLayer: 0
  m_SortingOrder: 0
--- !u!33 &818431926
MeshFilter:
  m_ObjectHideFlags: 0
  m_CorrespondingSourceObject: {fileID: 33212821075642474, guid: 1e088aaf5c0c49042b60fe34bdcb66dc,
    type: 2}
  m_PrefabInternal: {fileID: 0}
  m_GameObject: {fileID: 818431922}
  m_Mesh: {fileID: 4300000, guid: bf9467d0bdc05aa479f7d123ddf8eda3, type: 3}
--- !u!1 &843964508
GameObject:
  m_ObjectHideFlags: 0
  m_CorrespondingSourceObject: {fileID: 1124008148926314, guid: 1e088aaf5c0c49042b60fe34bdcb66dc,
    type: 2}
  m_PrefabInternal: {fileID: 0}
  serializedVersion: 6
  m_Component:
  - component: {fileID: 843964509}
  - component: {fileID: 843964512}
  - component: {fileID: 843964511}
  - component: {fileID: 843964510}
  m_Layer: 0
  m_Name: pink_flower
  m_TagString: Untagged
  m_Icon: {fileID: 0}
  m_NavMeshLayer: 0
  m_StaticEditorFlags: 4294967295
  m_IsActive: 1
--- !u!4 &843964509
Transform:
  m_ObjectHideFlags: 0
  m_CorrespondingSourceObject: {fileID: 4982812069742350, guid: 1e088aaf5c0c49042b60fe34bdcb66dc,
    type: 2}
  m_PrefabInternal: {fileID: 0}
  m_GameObject: {fileID: 843964508}
  m_LocalRotation: {x: -0.10856921, y: -0.31310815, z: 0.09626983, w: -0.9385671}
  m_LocalPosition: {x: 3.9430244, y: 0.5161766, z: 15.958154}
  m_LocalScale: {x: 0.6803479, y: 0.680348, z: 0.68034786}
  m_Children: []
  m_Father: {fileID: 616594277}
  m_RootOrder: 10
  m_LocalEulerAnglesHint: {x: 0, y: 0, z: 0}
--- !u!95 &843964510
Animator:
  serializedVersion: 3
  m_ObjectHideFlags: 0
  m_CorrespondingSourceObject: {fileID: 95102360984742796, guid: 1e088aaf5c0c49042b60fe34bdcb66dc,
    type: 2}
  m_PrefabInternal: {fileID: 0}
  m_GameObject: {fileID: 843964508}
  m_Enabled: 1
  m_Avatar: {fileID: 9000000, guid: d4a19aa451f9aa948b7f0e5673514002, type: 3}
  m_Controller: {fileID: 0}
  m_CullingMode: 0
  m_UpdateMode: 0
  m_ApplyRootMotion: 0
  m_LinearVelocityBlending: 0
  m_WarningMessage: 
  m_HasTransformHierarchy: 1
  m_AllowConstantClipSamplingOptimization: 1
  m_KeepAnimatorControllerStateOnDisable: 0
--- !u!23 &843964511
MeshRenderer:
  m_ObjectHideFlags: 0
  m_CorrespondingSourceObject: {fileID: 23515212994142996, guid: 1e088aaf5c0c49042b60fe34bdcb66dc,
    type: 2}
  m_PrefabInternal: {fileID: 0}
  m_GameObject: {fileID: 843964508}
  m_Enabled: 1
  m_CastShadows: 1
  m_ReceiveShadows: 1
  m_DynamicOccludee: 1
  m_MotionVectors: 1
  m_LightProbeUsage: 1
  m_ReflectionProbeUsage: 1
  m_RenderingLayerMask: 4294967295
  m_Materials:
  - {fileID: 2100000, guid: 7bfb1b9120098bf4a9b04396ee3721e1, type: 2}
  m_StaticBatchInfo:
    firstSubMesh: 0
    subMeshCount: 0
  m_StaticBatchRoot: {fileID: 0}
  m_ProbeAnchor: {fileID: 0}
  m_LightProbeVolumeOverride: {fileID: 0}
  m_ScaleInLightmap: 1
  m_PreserveUVs: 0
  m_IgnoreNormalsForChartDetection: 0
  m_ImportantGI: 0
  m_StitchLightmapSeams: 0
  m_SelectedEditorRenderState: 3
  m_MinimumChartSize: 4
  m_AutoUVMaxDistance: 0.5
  m_AutoUVMaxAngle: 89
  m_LightmapParameters: {fileID: 15201, guid: 0000000000000000f000000000000000, type: 0}
  m_SortingLayerID: 0
  m_SortingLayer: 0
  m_SortingOrder: 0
--- !u!33 &843964512
MeshFilter:
  m_ObjectHideFlags: 0
  m_CorrespondingSourceObject: {fileID: 33036376814360272, guid: 1e088aaf5c0c49042b60fe34bdcb66dc,
    type: 2}
  m_PrefabInternal: {fileID: 0}
  m_GameObject: {fileID: 843964508}
  m_Mesh: {fileID: 4300000, guid: d4a19aa451f9aa948b7f0e5673514002, type: 3}
--- !u!1 &913851581
GameObject:
  m_ObjectHideFlags: 0
  m_CorrespondingSourceObject: {fileID: 1046004337567358, guid: 1e088aaf5c0c49042b60fe34bdcb66dc,
    type: 2}
  m_PrefabInternal: {fileID: 0}
  serializedVersion: 6
  m_Component:
  - component: {fileID: 913851582}
  - component: {fileID: 913851585}
  - component: {fileID: 913851584}
  - component: {fileID: 913851583}
  m_Layer: 0
  m_Name: jungle vine
  m_TagString: Untagged
  m_Icon: {fileID: 0}
  m_NavMeshLayer: 0
  m_StaticEditorFlags: 4294967295
  m_IsActive: 1
--- !u!4 &913851582
Transform:
  m_ObjectHideFlags: 0
  m_CorrespondingSourceObject: {fileID: 4091613889217702, guid: 1e088aaf5c0c49042b60fe34bdcb66dc,
    type: 2}
  m_PrefabInternal: {fileID: 0}
  m_GameObject: {fileID: 913851581}
  m_LocalRotation: {x: -0.000000084557485, y: 0.000000056491402, z: 0.486242, w: -0.8738242}
  m_LocalPosition: {x: 5.1774206, y: -8.809898, z: 9.586044}
  m_LocalScale: {x: 1, y: 1, z: 1}
  m_Children: []
  m_Father: {fileID: 616594277}
  m_RootOrder: 15
  m_LocalEulerAnglesHint: {x: 0, y: 0, z: 0}
--- !u!95 &913851583
Animator:
  serializedVersion: 3
  m_ObjectHideFlags: 0
  m_CorrespondingSourceObject: {fileID: 95970373935518070, guid: 1e088aaf5c0c49042b60fe34bdcb66dc,
    type: 2}
  m_PrefabInternal: {fileID: 0}
  m_GameObject: {fileID: 913851581}
  m_Enabled: 1
  m_Avatar: {fileID: 9000000, guid: 5ec3b0eba5c1e344c91a675985500633, type: 3}
  m_Controller: {fileID: 0}
  m_CullingMode: 0
  m_UpdateMode: 0
  m_ApplyRootMotion: 0
  m_LinearVelocityBlending: 0
  m_WarningMessage: 
  m_HasTransformHierarchy: 1
  m_AllowConstantClipSamplingOptimization: 1
  m_KeepAnimatorControllerStateOnDisable: 0
--- !u!23 &913851584
MeshRenderer:
  m_ObjectHideFlags: 0
  m_CorrespondingSourceObject: {fileID: 23784469263003526, guid: 1e088aaf5c0c49042b60fe34bdcb66dc,
    type: 2}
  m_PrefabInternal: {fileID: 0}
  m_GameObject: {fileID: 913851581}
  m_Enabled: 1
  m_CastShadows: 1
  m_ReceiveShadows: 1
  m_DynamicOccludee: 1
  m_MotionVectors: 1
  m_LightProbeUsage: 1
  m_ReflectionProbeUsage: 1
  m_RenderingLayerMask: 4294967295
  m_Materials:
  - {fileID: 2100000, guid: 7bfb1b9120098bf4a9b04396ee3721e1, type: 2}
  m_StaticBatchInfo:
    firstSubMesh: 0
    subMeshCount: 0
  m_StaticBatchRoot: {fileID: 0}
  m_ProbeAnchor: {fileID: 0}
  m_LightProbeVolumeOverride: {fileID: 0}
  m_ScaleInLightmap: 1
  m_PreserveUVs: 0
  m_IgnoreNormalsForChartDetection: 0
  m_ImportantGI: 0
  m_StitchLightmapSeams: 0
  m_SelectedEditorRenderState: 3
  m_MinimumChartSize: 4
  m_AutoUVMaxDistance: 0.5
  m_AutoUVMaxAngle: 89
  m_LightmapParameters: {fileID: 15201, guid: 0000000000000000f000000000000000, type: 0}
  m_SortingLayerID: 0
  m_SortingLayer: 0
  m_SortingOrder: 0
--- !u!33 &913851585
MeshFilter:
  m_ObjectHideFlags: 0
  m_CorrespondingSourceObject: {fileID: 33376696370170378, guid: 1e088aaf5c0c49042b60fe34bdcb66dc,
    type: 2}
  m_PrefabInternal: {fileID: 0}
  m_GameObject: {fileID: 913851581}
  m_Mesh: {fileID: 4300000, guid: 5ec3b0eba5c1e344c91a675985500633, type: 3}
--- !u!1 &945144132
GameObject:
  m_ObjectHideFlags: 0
  m_CorrespondingSourceObject: {fileID: 0}
  m_PrefabInternal: {fileID: 0}
  serializedVersion: 6
  m_Component:
  - component: {fileID: 945144136}
  - component: {fileID: 945144135}
  - component: {fileID: 945144134}
  - component: {fileID: 945144133}
  m_Layer: 5
  m_Name: Canvas
  m_TagString: Untagged
  m_Icon: {fileID: 0}
  m_NavMeshLayer: 0
  m_StaticEditorFlags: 0
  m_IsActive: 1
--- !u!114 &945144133
MonoBehaviour:
  m_ObjectHideFlags: 0
  m_CorrespondingSourceObject: {fileID: 0}
  m_PrefabInternal: {fileID: 0}
  m_GameObject: {fileID: 945144132}
  m_Enabled: 1
  m_EditorHideFlags: 0
  m_Script: {fileID: 1301386320, guid: f70555f144d8491a825f0804e09c671c, type: 3}
  m_Name: 
  m_EditorClassIdentifier: 
  m_IgnoreReversedGraphics: 1
  m_BlockingObjects: 0
  m_BlockingMask:
    serializedVersion: 2
    m_Bits: 4294967295
--- !u!114 &945144134
MonoBehaviour:
  m_ObjectHideFlags: 0
  m_CorrespondingSourceObject: {fileID: 0}
  m_PrefabInternal: {fileID: 0}
  m_GameObject: {fileID: 945144132}
  m_Enabled: 1
  m_EditorHideFlags: 0
  m_Script: {fileID: 1980459831, guid: f70555f144d8491a825f0804e09c671c, type: 3}
  m_Name: 
  m_EditorClassIdentifier: 
  m_UiScaleMode: 0
  m_ReferencePixelsPerUnit: 100
  m_ScaleFactor: 1
  m_ReferenceResolution: {x: 800, y: 600}
  m_ScreenMatchMode: 0
  m_MatchWidthOrHeight: 0
  m_PhysicalUnit: 3
  m_FallbackScreenDPI: 96
  m_DefaultSpriteDPI: 96
  m_DynamicPixelsPerUnit: 1
--- !u!223 &945144135
Canvas:
  m_ObjectHideFlags: 0
  m_CorrespondingSourceObject: {fileID: 0}
  m_PrefabInternal: {fileID: 0}
  m_GameObject: {fileID: 945144132}
  m_Enabled: 1
  serializedVersion: 3
  m_RenderMode: 0
  m_Camera: {fileID: 0}
  m_PlaneDistance: 100
  m_PixelPerfect: 0
  m_ReceivesEvents: 1
  m_OverrideSorting: 0
  m_OverridePixelPerfect: 0
  m_SortingBucketNormalizedSize: 0
  m_AdditionalShaderChannelsFlag: 0
  m_SortingLayerID: 0
  m_SortingOrder: 0
  m_TargetDisplay: 0
--- !u!224 &945144136
RectTransform:
  m_ObjectHideFlags: 0
  m_CorrespondingSourceObject: {fileID: 0}
  m_PrefabInternal: {fileID: 0}
  m_GameObject: {fileID: 945144132}
  m_LocalRotation: {x: 0, y: 0, z: 0, w: 1}
  m_LocalPosition: {x: 0, y: 0, z: 0}
  m_LocalScale: {x: 0, y: 0, z: 0}
  m_Children:
  - {fileID: 777655730}
  m_Father: {fileID: 0}
  m_RootOrder: 4
  m_LocalEulerAnglesHint: {x: 0, y: 0, z: 0}
  m_AnchorMin: {x: 0, y: 0}
  m_AnchorMax: {x: 0, y: 0}
  m_AnchoredPosition: {x: 0, y: 0}
  m_SizeDelta: {x: 0, y: 0}
  m_Pivot: {x: 0, y: 0}
--- !u!1 &1156731083
GameObject:
  m_ObjectHideFlags: 0
  m_CorrespondingSourceObject: {fileID: 1809191314970956, guid: 1e088aaf5c0c49042b60fe34bdcb66dc,
    type: 2}
  m_PrefabInternal: {fileID: 0}
  serializedVersion: 6
  m_Component:
  - component: {fileID: 1156731084}
  - component: {fileID: 1156731087}
  - component: {fileID: 1156731086}
  - component: {fileID: 1156731085}
  m_Layer: 0
  m_Name: canopy_small
  m_TagString: Untagged
  m_Icon: {fileID: 0}
  m_NavMeshLayer: 0
  m_StaticEditorFlags: 4294967295
  m_IsActive: 1
--- !u!4 &1156731084
Transform:
  m_ObjectHideFlags: 0
  m_CorrespondingSourceObject: {fileID: 4230179240383170, guid: 1e088aaf5c0c49042b60fe34bdcb66dc,
    type: 2}
  m_PrefabInternal: {fileID: 0}
  m_GameObject: {fileID: 1156731083}
  m_LocalRotation: {x: -0.04063793, y: -0.118918754, z: 0.72419405, w: -0.6780487}
  m_LocalPosition: {x: 7.172591, y: 0.05922811, z: 24.708176}
  m_LocalScale: {x: 0.85746086, y: 0.8574611, z: 0.85746115}
  m_Children: []
  m_Father: {fileID: 616594277}
  m_RootOrder: 16
  m_LocalEulerAnglesHint: {x: 0, y: 0, z: 0}
--- !u!95 &1156731085
Animator:
  serializedVersion: 3
  m_ObjectHideFlags: 0
  m_CorrespondingSourceObject: {fileID: 95035086081537928, guid: 1e088aaf5c0c49042b60fe34bdcb66dc,
    type: 2}
  m_PrefabInternal: {fileID: 0}
  m_GameObject: {fileID: 1156731083}
  m_Enabled: 1
  m_Avatar: {fileID: 9000000, guid: bf9467d0bdc05aa479f7d123ddf8eda3, type: 3}
  m_Controller: {fileID: 0}
  m_CullingMode: 0
  m_UpdateMode: 0
  m_ApplyRootMotion: 0
  m_LinearVelocityBlending: 0
  m_WarningMessage: 
  m_HasTransformHierarchy: 1
  m_AllowConstantClipSamplingOptimization: 1
  m_KeepAnimatorControllerStateOnDisable: 0
--- !u!23 &1156731086
MeshRenderer:
  m_ObjectHideFlags: 0
  m_CorrespondingSourceObject: {fileID: 23228686831709318, guid: 1e088aaf5c0c49042b60fe34bdcb66dc,
    type: 2}
  m_PrefabInternal: {fileID: 0}
  m_GameObject: {fileID: 1156731083}
  m_Enabled: 1
  m_CastShadows: 1
  m_ReceiveShadows: 1
  m_DynamicOccludee: 1
  m_MotionVectors: 1
  m_LightProbeUsage: 1
  m_ReflectionProbeUsage: 1
  m_RenderingLayerMask: 4294967295
  m_Materials:
  - {fileID: 2100000, guid: 7bfb1b9120098bf4a9b04396ee3721e1, type: 2}
  m_StaticBatchInfo:
    firstSubMesh: 0
    subMeshCount: 0
  m_StaticBatchRoot: {fileID: 0}
  m_ProbeAnchor: {fileID: 0}
  m_LightProbeVolumeOverride: {fileID: 0}
  m_ScaleInLightmap: 1
  m_PreserveUVs: 0
  m_IgnoreNormalsForChartDetection: 0
  m_ImportantGI: 0
  m_StitchLightmapSeams: 0
  m_SelectedEditorRenderState: 3
  m_MinimumChartSize: 4
  m_AutoUVMaxDistance: 0.5
  m_AutoUVMaxAngle: 89
  m_LightmapParameters: {fileID: 15201, guid: 0000000000000000f000000000000000, type: 0}
  m_SortingLayerID: 0
  m_SortingLayer: 0
  m_SortingOrder: 0
--- !u!33 &1156731087
MeshFilter:
  m_ObjectHideFlags: 0
  m_CorrespondingSourceObject: {fileID: 33633955866425050, guid: 1e088aaf5c0c49042b60fe34bdcb66dc,
    type: 2}
  m_PrefabInternal: {fileID: 0}
  m_GameObject: {fileID: 1156731083}
  m_Mesh: {fileID: 4300000, guid: bf9467d0bdc05aa479f7d123ddf8eda3, type: 3}
--- !u!1 &1193532442
GameObject:
  m_ObjectHideFlags: 0
  m_CorrespondingSourceObject: {fileID: 1781541040740274, guid: 1e088aaf5c0c49042b60fe34bdcb66dc,
    type: 2}
  m_PrefabInternal: {fileID: 0}
  serializedVersion: 6
  m_Component:
  - component: {fileID: 1193532443}
  - component: {fileID: 1193532447}
  - component: {fileID: 1193532446}
  - component: {fileID: 1193532445}
  - component: {fileID: 1193532444}
  m_Layer: 0
  m_Name: jungle branch
  m_TagString: Untagged
  m_Icon: {fileID: 0}
  m_NavMeshLayer: 0
  m_StaticEditorFlags: 4294967295
  m_IsActive: 1
--- !u!4 &1193532443
Transform:
  m_ObjectHideFlags: 0
  m_CorrespondingSourceObject: {fileID: 4512472550874810, guid: 1e088aaf5c0c49042b60fe34bdcb66dc,
    type: 2}
  m_PrefabInternal: {fileID: 0}
  m_GameObject: {fileID: 1193532442}
  m_LocalRotation: {x: 0.05929133, y: 0.1338096, z: 0.9886821, w: 0.032973453}
  m_LocalPosition: {x: -5.581476, y: 1.8150184, z: 26.04622}
  m_LocalScale: {x: 1, y: 1, z: 1}
  m_Children: []
  m_Father: {fileID: 616594277}
  m_RootOrder: 1
  m_LocalEulerAnglesHint: {x: 0, y: 0, z: 0}
--- !u!95 &1193532444
Animator:
  serializedVersion: 3
  m_ObjectHideFlags: 0
  m_CorrespondingSourceObject: {fileID: 95794227146955196, guid: 1e088aaf5c0c49042b60fe34bdcb66dc,
    type: 2}
  m_PrefabInternal: {fileID: 0}
  m_GameObject: {fileID: 1193532442}
  m_Enabled: 1
  m_Avatar: {fileID: 9000000, guid: 40977895a1fe7a24193beaa27d820c7a, type: 3}
  m_Controller: {fileID: 0}
  m_CullingMode: 0
  m_UpdateMode: 0
  m_ApplyRootMotion: 0
  m_LinearVelocityBlending: 0
  m_WarningMessage: 
  m_HasTransformHierarchy: 1
  m_AllowConstantClipSamplingOptimization: 1
  m_KeepAnimatorControllerStateOnDisable: 0
--- !u!64 &1193532445
MeshCollider:
  m_ObjectHideFlags: 0
  m_CorrespondingSourceObject: {fileID: 64507271186455788, guid: 1e088aaf5c0c49042b60fe34bdcb66dc,
    type: 2}
  m_PrefabInternal: {fileID: 0}
  m_GameObject: {fileID: 1193532442}
  m_Material: {fileID: 0}
  m_IsTrigger: 0
  m_Enabled: 1
  serializedVersion: 3
  m_Convex: 0
  m_CookingOptions: 14
  m_SkinWidth: 0.01
  m_Mesh: {fileID: 4300000, guid: 40977895a1fe7a24193beaa27d820c7a, type: 3}
--- !u!23 &1193532446
MeshRenderer:
  m_ObjectHideFlags: 0
  m_CorrespondingSourceObject: {fileID: 23088645561361292, guid: 1e088aaf5c0c49042b60fe34bdcb66dc,
    type: 2}
  m_PrefabInternal: {fileID: 0}
  m_GameObject: {fileID: 1193532442}
  m_Enabled: 1
  m_CastShadows: 1
  m_ReceiveShadows: 1
  m_DynamicOccludee: 1
  m_MotionVectors: 1
  m_LightProbeUsage: 1
  m_ReflectionProbeUsage: 1
  m_RenderingLayerMask: 4294967295
  m_Materials:
  - {fileID: 2100000, guid: a570728bc0c687e4eb473452b383eefd, type: 2}
  m_StaticBatchInfo:
    firstSubMesh: 0
    subMeshCount: 0
  m_StaticBatchRoot: {fileID: 0}
  m_ProbeAnchor: {fileID: 0}
  m_LightProbeVolumeOverride: {fileID: 0}
  m_ScaleInLightmap: 1
  m_PreserveUVs: 0
  m_IgnoreNormalsForChartDetection: 0
  m_ImportantGI: 0
  m_StitchLightmapSeams: 0
  m_SelectedEditorRenderState: 3
  m_MinimumChartSize: 4
  m_AutoUVMaxDistance: 0.5
  m_AutoUVMaxAngle: 89
  m_LightmapParameters: {fileID: 15201, guid: 0000000000000000f000000000000000, type: 0}
  m_SortingLayerID: 0
  m_SortingLayer: 0
  m_SortingOrder: 0
--- !u!33 &1193532447
MeshFilter:
  m_ObjectHideFlags: 0
  m_CorrespondingSourceObject: {fileID: 33760058931222404, guid: 1e088aaf5c0c49042b60fe34bdcb66dc,
    type: 2}
  m_PrefabInternal: {fileID: 0}
  m_GameObject: {fileID: 1193532442}
  m_Mesh: {fileID: 4300000, guid: 40977895a1fe7a24193beaa27d820c7a, type: 3}
--- !u!1 &1204652781
GameObject:
  m_ObjectHideFlags: 0
  m_CorrespondingSourceObject: {fileID: 1516176421766376, guid: 1e088aaf5c0c49042b60fe34bdcb66dc,
    type: 2}
  m_PrefabInternal: {fileID: 0}
  serializedVersion: 6
  m_Component:
  - component: {fileID: 1204652782}
  - component: {fileID: 1204652785}
  - component: {fileID: 1204652784}
  - component: {fileID: 1204652783}
  m_Layer: 0
  m_Name: jungle moss
  m_TagString: Untagged
  m_Icon: {fileID: 0}
  m_NavMeshLayer: 0
  m_StaticEditorFlags: 4294967295
  m_IsActive: 1
--- !u!4 &1204652782
Transform:
  m_ObjectHideFlags: 0
  m_CorrespondingSourceObject: {fileID: 4039898862965998, guid: 1e088aaf5c0c49042b60fe34bdcb66dc,
    type: 2}
  m_PrefabInternal: {fileID: 0}
  m_GameObject: {fileID: 1204652781}
  m_LocalRotation: {x: -0.5800537, y: -0.1779699, z: 0.32060662, w: -0.727376}
  m_LocalPosition: {x: -10.321961, y: 0.33109856, z: 29.726263}
  m_LocalScale: {x: 1.1268953, y: 1.1268954, z: 1.1268953}
  m_Children: []
  m_Father: {fileID: 616594277}
  m_RootOrder: 13
  m_LocalEulerAnglesHint: {x: 0, y: 0, z: 0}
--- !u!95 &1204652783
Animator:
  serializedVersion: 3
  m_ObjectHideFlags: 0
  m_CorrespondingSourceObject: {fileID: 95562169393196216, guid: 1e088aaf5c0c49042b60fe34bdcb66dc,
    type: 2}
  m_PrefabInternal: {fileID: 0}
  m_GameObject: {fileID: 1204652781}
  m_Enabled: 1
  m_Avatar: {fileID: 9000000, guid: 401733cf6a5c5ad44835abe16448ad66, type: 3}
  m_Controller: {fileID: 0}
  m_CullingMode: 0
  m_UpdateMode: 0
  m_ApplyRootMotion: 0
  m_LinearVelocityBlending: 0
  m_WarningMessage: 
  m_HasTransformHierarchy: 1
  m_AllowConstantClipSamplingOptimization: 1
  m_KeepAnimatorControllerStateOnDisable: 0
--- !u!23 &1204652784
MeshRenderer:
  m_ObjectHideFlags: 0
  m_CorrespondingSourceObject: {fileID: 23411689622686438, guid: 1e088aaf5c0c49042b60fe34bdcb66dc,
    type: 2}
  m_PrefabInternal: {fileID: 0}
  m_GameObject: {fileID: 1204652781}
  m_Enabled: 1
  m_CastShadows: 1
  m_ReceiveShadows: 1
  m_DynamicOccludee: 1
  m_MotionVectors: 1
  m_LightProbeUsage: 1
  m_ReflectionProbeUsage: 1
  m_RenderingLayerMask: 4294967295
  m_Materials:
  - {fileID: 2100000, guid: 7bfb1b9120098bf4a9b04396ee3721e1, type: 2}
  m_StaticBatchInfo:
    firstSubMesh: 0
    subMeshCount: 0
  m_StaticBatchRoot: {fileID: 0}
  m_ProbeAnchor: {fileID: 0}
  m_LightProbeVolumeOverride: {fileID: 0}
  m_ScaleInLightmap: 1
  m_PreserveUVs: 0
  m_IgnoreNormalsForChartDetection: 0
  m_ImportantGI: 0
  m_StitchLightmapSeams: 0
  m_SelectedEditorRenderState: 3
  m_MinimumChartSize: 4
  m_AutoUVMaxDistance: 0.5
  m_AutoUVMaxAngle: 89
  m_LightmapParameters: {fileID: 15201, guid: 0000000000000000f000000000000000, type: 0}
  m_SortingLayerID: 0
  m_SortingLayer: 0
  m_SortingOrder: 0
--- !u!33 &1204652785
MeshFilter:
  m_ObjectHideFlags: 0
  m_CorrespondingSourceObject: {fileID: 33340846145152196, guid: 1e088aaf5c0c49042b60fe34bdcb66dc,
    type: 2}
  m_PrefabInternal: {fileID: 0}
  m_GameObject: {fileID: 1204652781}
  m_Mesh: {fileID: 4300002, guid: 401733cf6a5c5ad44835abe16448ad66, type: 3}
--- !u!1 &1242458608
GameObject:
  m_ObjectHideFlags: 0
  m_CorrespondingSourceObject: {fileID: 1000681955771246, guid: 1e088aaf5c0c49042b60fe34bdcb66dc,
    type: 2}
  m_PrefabInternal: {fileID: 0}
  serializedVersion: 6
  m_Component:
  - component: {fileID: 1242458609}
  - component: {fileID: 1242458612}
  - component: {fileID: 1242458611}
  - component: {fileID: 1242458610}
  m_Layer: 0
  m_Name: jungle vine
  m_TagString: Untagged
  m_Icon: {fileID: 0}
  m_NavMeshLayer: 0
  m_StaticEditorFlags: 4294967295
  m_IsActive: 1
--- !u!4 &1242458609
Transform:
  m_ObjectHideFlags: 0
  m_CorrespondingSourceObject: {fileID: 4104982058672732, guid: 1e088aaf5c0c49042b60fe34bdcb66dc,
    type: 2}
  m_PrefabInternal: {fileID: 0}
  m_GameObject: {fileID: 1242458608}
  m_LocalRotation: {x: -0.00000009087455, y: 0.00000013198796, z: 0.099709235, w: -0.99501663}
  m_LocalPosition: {x: -10.288947, y: 0.44890967, z: 30.009447}
  m_LocalScale: {x: 1.2124265, y: 1.2124264, z: 1.2124263}
  m_Children: []
  m_Father: {fileID: 616594277}
  m_RootOrder: 17
  m_LocalEulerAnglesHint: {x: 0, y: 0, z: 0}
--- !u!95 &1242458610
Animator:
  serializedVersion: 3
  m_ObjectHideFlags: 0
  m_CorrespondingSourceObject: {fileID: 95446099547924564, guid: 1e088aaf5c0c49042b60fe34bdcb66dc,
    type: 2}
  m_PrefabInternal: {fileID: 0}
  m_GameObject: {fileID: 1242458608}
  m_Enabled: 1
  m_Avatar: {fileID: 9000000, guid: 5ec3b0eba5c1e344c91a675985500633, type: 3}
  m_Controller: {fileID: 0}
  m_CullingMode: 0
  m_UpdateMode: 0
  m_ApplyRootMotion: 0
  m_LinearVelocityBlending: 0
  m_WarningMessage: 
  m_HasTransformHierarchy: 1
  m_AllowConstantClipSamplingOptimization: 1
  m_KeepAnimatorControllerStateOnDisable: 0
--- !u!23 &1242458611
MeshRenderer:
  m_ObjectHideFlags: 0
  m_CorrespondingSourceObject: {fileID: 23969478604412370, guid: 1e088aaf5c0c49042b60fe34bdcb66dc,
    type: 2}
  m_PrefabInternal: {fileID: 0}
  m_GameObject: {fileID: 1242458608}
  m_Enabled: 1
  m_CastShadows: 1
  m_ReceiveShadows: 1
  m_DynamicOccludee: 1
  m_MotionVectors: 1
  m_LightProbeUsage: 1
  m_ReflectionProbeUsage: 1
  m_RenderingLayerMask: 4294967295
  m_Materials:
  - {fileID: 2100000, guid: 7bfb1b9120098bf4a9b04396ee3721e1, type: 2}
  m_StaticBatchInfo:
    firstSubMesh: 0
    subMeshCount: 0
  m_StaticBatchRoot: {fileID: 0}
  m_ProbeAnchor: {fileID: 0}
  m_LightProbeVolumeOverride: {fileID: 0}
  m_ScaleInLightmap: 1
  m_PreserveUVs: 0
  m_IgnoreNormalsForChartDetection: 0
  m_ImportantGI: 0
  m_StitchLightmapSeams: 0
  m_SelectedEditorRenderState: 3
  m_MinimumChartSize: 4
  m_AutoUVMaxDistance: 0.5
  m_AutoUVMaxAngle: 89
  m_LightmapParameters: {fileID: 15201, guid: 0000000000000000f000000000000000, type: 0}
  m_SortingLayerID: 0
  m_SortingLayer: 0
  m_SortingOrder: 0
--- !u!33 &1242458612
MeshFilter:
  m_ObjectHideFlags: 0
  m_CorrespondingSourceObject: {fileID: 33120941271678974, guid: 1e088aaf5c0c49042b60fe34bdcb66dc,
    type: 2}
  m_PrefabInternal: {fileID: 0}
  m_GameObject: {fileID: 1242458608}
  m_Mesh: {fileID: 4300000, guid: 5ec3b0eba5c1e344c91a675985500633, type: 3}
--- !u!1 &1242890293
GameObject:
  m_ObjectHideFlags: 0
  m_CorrespondingSourceObject: {fileID: 0}
  m_PrefabInternal: {fileID: 0}
  serializedVersion: 6
  m_Component:
  - component: {fileID: 1242890296}
  - component: {fileID: 1242890295}
  - component: {fileID: 1242890294}
  m_Layer: 0
  m_Name: EventSystem
  m_TagString: Untagged
  m_Icon: {fileID: 0}
  m_NavMeshLayer: 0
  m_StaticEditorFlags: 0
  m_IsActive: 1
--- !u!114 &1242890294
MonoBehaviour:
  m_ObjectHideFlags: 0
  m_CorrespondingSourceObject: {fileID: 0}
  m_PrefabInternal: {fileID: 0}
  m_GameObject: {fileID: 1242890293}
  m_Enabled: 1
  m_EditorHideFlags: 0
  m_Script: {fileID: 1077351063, guid: f70555f144d8491a825f0804e09c671c, type: 3}
  m_Name: 
  m_EditorClassIdentifier: 
  m_HorizontalAxis: Horizontal
  m_VerticalAxis: Vertical
  m_SubmitButton: Submit
  m_CancelButton: Cancel
  m_InputActionsPerSecond: 10
  m_RepeatDelay: 0.5
  m_ForceModuleActive: 0
--- !u!114 &1242890295
MonoBehaviour:
  m_ObjectHideFlags: 0
  m_CorrespondingSourceObject: {fileID: 0}
  m_PrefabInternal: {fileID: 0}
  m_GameObject: {fileID: 1242890293}
  m_Enabled: 1
  m_EditorHideFlags: 0
  m_Script: {fileID: -619905303, guid: f70555f144d8491a825f0804e09c671c, type: 3}
  m_Name: 
  m_EditorClassIdentifier: 
  m_FirstSelected: {fileID: 0}
  m_sendNavigationEvents: 1
  m_DragThreshold: 10
--- !u!4 &1242890296
Transform:
  m_ObjectHideFlags: 0
  m_CorrespondingSourceObject: {fileID: 0}
  m_PrefabInternal: {fileID: 0}
  m_GameObject: {fileID: 1242890293}
  m_LocalRotation: {x: 0, y: 0, z: 0, w: 1}
  m_LocalPosition: {x: 0, y: 0, z: 0}
  m_LocalScale: {x: 1, y: 1, z: 1}
  m_Children: []
  m_Father: {fileID: 0}
  m_RootOrder: 5
  m_LocalEulerAnglesHint: {x: 0, y: 0, z: 0}
--- !u!1 &1278000359 stripped
GameObject:
  m_CorrespondingSourceObject: {fileID: 100014, guid: faef0c2a1235bde49bfc9774655ba478,
    type: 3}
  m_PrefabInternal: {fileID: 291825598}
--- !u!114 &1278000360
MonoBehaviour:
  m_ObjectHideFlags: 0
  m_CorrespondingSourceObject: {fileID: 0}
  m_PrefabInternal: {fileID: 0}
  m_GameObject: {fileID: 1278000359}
  m_Enabled: 1
  m_EditorHideFlags: 0
  m_Script: {fileID: 11500000, guid: 73ff74ab91ab1e4458be7cc4c4e61778, type: 3}
  m_Name: 
  m_EditorClassIdentifier: 
  Speed: 0.006
  MaxRange: 200
  jump: {x: 0, y: 0, z: 0}
  jumpForce: 5
  isGrounded: 0
--- !u!4 &1278000362 stripped
Transform:
  m_CorrespondingSourceObject: {fileID: 400014, guid: faef0c2a1235bde49bfc9774655ba478,
    type: 3}
  m_PrefabInternal: {fileID: 291825598}
--- !u!54 &1278000363
Rigidbody:
  m_ObjectHideFlags: 0
  m_CorrespondingSourceObject: {fileID: 0}
  m_PrefabInternal: {fileID: 0}
  m_GameObject: {fileID: 1278000359}
  serializedVersion: 2
  m_Mass: 1
  m_Drag: 0
  m_AngularDrag: 0.05
  m_UseGravity: 1
  m_IsKinematic: 0
  m_Interpolate: 0
  m_Constraints: 122
  m_CollisionDetection: 0
--- !u!65 &1278000364
BoxCollider:
  m_ObjectHideFlags: 0
  m_CorrespondingSourceObject: {fileID: 0}
  m_PrefabInternal: {fileID: 0}
  m_GameObject: {fileID: 1278000359}
  m_Material: {fileID: 0}
  m_IsTrigger: 0
  m_Enabled: 1
  serializedVersion: 2
  m_Size: {x: 1, y: 1, z: 1}
  m_Center: {x: 0, y: 0.61, z: 0}
--- !u!1 &1399455021
GameObject:
  m_ObjectHideFlags: 0
  m_CorrespondingSourceObject: {fileID: 1830324705457490, guid: 1e088aaf5c0c49042b60fe34bdcb66dc,
    type: 2}
  m_PrefabInternal: {fileID: 0}
  serializedVersion: 6
  m_Component:
  - component: {fileID: 1399455025}
  - component: {fileID: 1399455024}
  - component: {fileID: 1399455023}
  - component: {fileID: 1399455022}
  m_Layer: 0
  m_Name: Plane (3)
  m_TagString: Untagged
  m_Icon: {fileID: 0}
  m_NavMeshLayer: 0
  m_StaticEditorFlags: 0
  m_IsActive: 1
--- !u!23 &1399455022
MeshRenderer:
  m_ObjectHideFlags: 0
  m_CorrespondingSourceObject: {fileID: 23631656032297896, guid: 1e088aaf5c0c49042b60fe34bdcb66dc,
    type: 2}
  m_PrefabInternal: {fileID: 0}
  m_GameObject: {fileID: 1399455021}
  m_Enabled: 1
  m_CastShadows: 1
  m_ReceiveShadows: 1
  m_DynamicOccludee: 1
  m_MotionVectors: 1
  m_LightProbeUsage: 1
  m_ReflectionProbeUsage: 1
  m_RenderingLayerMask: 4294967295
  m_Materials:
  - {fileID: 2100000, guid: 0b050d695404bee4a96c27d1cc8c8bc0, type: 2}
  m_StaticBatchInfo:
    firstSubMesh: 0
    subMeshCount: 0
  m_StaticBatchRoot: {fileID: 0}
  m_ProbeAnchor: {fileID: 0}
  m_LightProbeVolumeOverride: {fileID: 0}
  m_ScaleInLightmap: 1
  m_PreserveUVs: 1
  m_IgnoreNormalsForChartDetection: 0
  m_ImportantGI: 0
  m_StitchLightmapSeams: 0
  m_SelectedEditorRenderState: 3
  m_MinimumChartSize: 4
  m_AutoUVMaxDistance: 0.5
  m_AutoUVMaxAngle: 89
  m_LightmapParameters: {fileID: 0}
  m_SortingLayerID: 0
  m_SortingLayer: 0
  m_SortingOrder: 0
--- !u!64 &1399455023
MeshCollider:
  m_ObjectHideFlags: 0
  m_CorrespondingSourceObject: {fileID: 64390512016508640, guid: 1e088aaf5c0c49042b60fe34bdcb66dc,
    type: 2}
  m_PrefabInternal: {fileID: 0}
  m_GameObject: {fileID: 1399455021}
  m_Material: {fileID: 0}
  m_IsTrigger: 0
  m_Enabled: 1
  serializedVersion: 3
  m_Convex: 1
  m_CookingOptions: 14
  m_SkinWidth: 0.01
  m_Mesh: {fileID: 10209, guid: 0000000000000000e000000000000000, type: 0}
--- !u!33 &1399455024
MeshFilter:
  m_ObjectHideFlags: 0
  m_CorrespondingSourceObject: {fileID: 33112555974177588, guid: 1e088aaf5c0c49042b60fe34bdcb66dc,
    type: 2}
  m_PrefabInternal: {fileID: 0}
  m_GameObject: {fileID: 1399455021}
  m_Mesh: {fileID: 10209, guid: 0000000000000000e000000000000000, type: 0}
--- !u!4 &1399455025
Transform:
  m_ObjectHideFlags: 0
  m_CorrespondingSourceObject: {fileID: 4819483074899188, guid: 1e088aaf5c0c49042b60fe34bdcb66dc,
    type: 2}
  m_PrefabInternal: {fileID: 0}
  m_GameObject: {fileID: 1399455021}
  m_LocalRotation: {x: -0, y: -0.70710677, z: -0, w: 0.7071068}
  m_LocalPosition: {x: -0.7104721, y: -0.008591973, z: 130.8}
  m_LocalScale: {x: 4.000111, y: 2.0000544, z: 4.26435}
  m_Children: []
  m_Father: {fileID: 0}
  m_RootOrder: 9
  m_LocalEulerAnglesHint: {x: 0, y: 0, z: 0}
--- !u!1 &1455899609
GameObject:
  m_ObjectHideFlags: 0
  m_CorrespondingSourceObject: {fileID: 1411798080959388, guid: 1e088aaf5c0c49042b60fe34bdcb66dc,
    type: 2}
  m_PrefabInternal: {fileID: 0}
  serializedVersion: 6
  m_Component:
  - component: {fileID: 1455899610}
  - component: {fileID: 1455899613}
  - component: {fileID: 1455899612}
  - component: {fileID: 1455899611}
  m_Layer: 0
  m_Name: jungle vine
  m_TagString: Untagged
  m_Icon: {fileID: 0}
  m_NavMeshLayer: 0
  m_StaticEditorFlags: 4294967295
  m_IsActive: 1
--- !u!4 &1455899610
Transform:
  m_ObjectHideFlags: 0
  m_CorrespondingSourceObject: {fileID: 4947353917714382, guid: 1e088aaf5c0c49042b60fe34bdcb66dc,
    type: 2}
  m_PrefabInternal: {fileID: 0}
  m_GameObject: {fileID: 1455899609}
  m_LocalRotation: {x: 0.0332797, y: -0.041861393, z: -0.9863942, w: -0.15545636}
  m_LocalPosition: {x: 2.4763355, y: 2.0153005, z: 22.439335}
  m_LocalScale: {x: 1.012078, y: 1.0120777, z: 1.012078}
  m_Children: []
  m_Father: {fileID: 616594277}
  m_RootOrder: 0
  m_LocalEulerAnglesHint: {x: 0, y: 0, z: 0}
--- !u!95 &1455899611
Animator:
  serializedVersion: 3
  m_ObjectHideFlags: 0
  m_CorrespondingSourceObject: {fileID: 95107054134512950, guid: 1e088aaf5c0c49042b60fe34bdcb66dc,
    type: 2}
  m_PrefabInternal: {fileID: 0}
  m_GameObject: {fileID: 1455899609}
  m_Enabled: 1
  m_Avatar: {fileID: 9000000, guid: 5ec3b0eba5c1e344c91a675985500633, type: 3}
  m_Controller: {fileID: 0}
  m_CullingMode: 0
  m_UpdateMode: 0
  m_ApplyRootMotion: 0
  m_LinearVelocityBlending: 0
  m_WarningMessage: 
  m_HasTransformHierarchy: 1
  m_AllowConstantClipSamplingOptimization: 1
  m_KeepAnimatorControllerStateOnDisable: 0
--- !u!23 &1455899612
MeshRenderer:
  m_ObjectHideFlags: 0
  m_CorrespondingSourceObject: {fileID: 23986899133629240, guid: 1e088aaf5c0c49042b60fe34bdcb66dc,
    type: 2}
  m_PrefabInternal: {fileID: 0}
  m_GameObject: {fileID: 1455899609}
  m_Enabled: 1
  m_CastShadows: 1
  m_ReceiveShadows: 1
  m_DynamicOccludee: 1
  m_MotionVectors: 1
  m_LightProbeUsage: 1
  m_ReflectionProbeUsage: 1
  m_RenderingLayerMask: 4294967295
  m_Materials:
  - {fileID: 2100000, guid: 7bfb1b9120098bf4a9b04396ee3721e1, type: 2}
  m_StaticBatchInfo:
    firstSubMesh: 0
    subMeshCount: 0
  m_StaticBatchRoot: {fileID: 0}
  m_ProbeAnchor: {fileID: 0}
  m_LightProbeVolumeOverride: {fileID: 0}
  m_ScaleInLightmap: 1
  m_PreserveUVs: 0
  m_IgnoreNormalsForChartDetection: 0
  m_ImportantGI: 0
  m_StitchLightmapSeams: 0
  m_SelectedEditorRenderState: 3
  m_MinimumChartSize: 4
  m_AutoUVMaxDistance: 0.5
  m_AutoUVMaxAngle: 89
  m_LightmapParameters: {fileID: 15201, guid: 0000000000000000f000000000000000, type: 0}
  m_SortingLayerID: 0
  m_SortingLayer: 0
  m_SortingOrder: 0
--- !u!33 &1455899613
MeshFilter:
  m_ObjectHideFlags: 0
  m_CorrespondingSourceObject: {fileID: 33464854473021324, guid: 1e088aaf5c0c49042b60fe34bdcb66dc,
    type: 2}
  m_PrefabInternal: {fileID: 0}
  m_GameObject: {fileID: 1455899609}
  m_Mesh: {fileID: 4300000, guid: 5ec3b0eba5c1e344c91a675985500633, type: 3}
--- !u!1 &1621285105
GameObject:
  m_ObjectHideFlags: 0
  m_CorrespondingSourceObject: {fileID: 1365196512325010, guid: 1e088aaf5c0c49042b60fe34bdcb66dc,
    type: 2}
  m_PrefabInternal: {fileID: 0}
  serializedVersion: 6
  m_Component:
  - component: {fileID: 1621285106}
  - component: {fileID: 1621285109}
  - component: {fileID: 1621285108}
  - component: {fileID: 1621285107}
  m_Layer: 0
  m_Name: jungle root
  m_TagString: Untagged
  m_Icon: {fileID: 0}
  m_NavMeshLayer: 0
  m_StaticEditorFlags: 4294967295
  m_IsActive: 1
--- !u!4 &1621285106
Transform:
  m_ObjectHideFlags: 0
  m_CorrespondingSourceObject: {fileID: 4518337281525690, guid: 1e088aaf5c0c49042b60fe34bdcb66dc,
    type: 2}
  m_PrefabInternal: {fileID: 0}
  m_GameObject: {fileID: 1621285105}
  m_LocalRotation: {x: -0.07627786, y: 0.02440083, z: 0.5280601, w: -0.8454223}
  m_LocalPosition: {x: -0.36999607, y: -3.3843865, z: 8.734544}
  m_LocalScale: {x: 0.8757673, y: 0.875767, z: 0.875767}
  m_Children: []
  m_Father: {fileID: 616594277}
  m_RootOrder: 2
  m_LocalEulerAnglesHint: {x: 0, y: 0, z: 0}
--- !u!95 &1621285107
Animator:
  serializedVersion: 3
  m_ObjectHideFlags: 0
  m_CorrespondingSourceObject: {fileID: 95198682360408874, guid: 1e088aaf5c0c49042b60fe34bdcb66dc,
    type: 2}
  m_PrefabInternal: {fileID: 0}
  m_GameObject: {fileID: 1621285105}
  m_Enabled: 1
  m_Avatar: {fileID: 9000000, guid: d13d3d6301f09a44dbeed2f1cce644ff, type: 3}
  m_Controller: {fileID: 0}
  m_CullingMode: 0
  m_UpdateMode: 0
  m_ApplyRootMotion: 0
  m_LinearVelocityBlending: 0
  m_WarningMessage: 
  m_HasTransformHierarchy: 1
  m_AllowConstantClipSamplingOptimization: 1
  m_KeepAnimatorControllerStateOnDisable: 0
--- !u!23 &1621285108
MeshRenderer:
  m_ObjectHideFlags: 0
  m_CorrespondingSourceObject: {fileID: 23735705317789720, guid: 1e088aaf5c0c49042b60fe34bdcb66dc,
    type: 2}
  m_PrefabInternal: {fileID: 0}
  m_GameObject: {fileID: 1621285105}
  m_Enabled: 1
  m_CastShadows: 1
  m_ReceiveShadows: 1
  m_DynamicOccludee: 1
  m_MotionVectors: 1
  m_LightProbeUsage: 1
  m_ReflectionProbeUsage: 1
  m_RenderingLayerMask: 4294967295
  m_Materials:
  - {fileID: 2100000, guid: a570728bc0c687e4eb473452b383eefd, type: 2}
  m_StaticBatchInfo:
    firstSubMesh: 0
    subMeshCount: 0
  m_StaticBatchRoot: {fileID: 0}
  m_ProbeAnchor: {fileID: 0}
  m_LightProbeVolumeOverride: {fileID: 0}
  m_ScaleInLightmap: 1
  m_PreserveUVs: 0
  m_IgnoreNormalsForChartDetection: 0
  m_ImportantGI: 0
  m_StitchLightmapSeams: 0
  m_SelectedEditorRenderState: 3
  m_MinimumChartSize: 4
  m_AutoUVMaxDistance: 0.5
  m_AutoUVMaxAngle: 89
  m_LightmapParameters: {fileID: 15201, guid: 0000000000000000f000000000000000, type: 0}
  m_SortingLayerID: 0
  m_SortingLayer: 0
  m_SortingOrder: 0
--- !u!33 &1621285109
MeshFilter:
  m_ObjectHideFlags: 0
  m_CorrespondingSourceObject: {fileID: 33347502324157684, guid: 1e088aaf5c0c49042b60fe34bdcb66dc,
    type: 2}
  m_PrefabInternal: {fileID: 0}
  m_GameObject: {fileID: 1621285105}
  m_Mesh: {fileID: 4300000, guid: d13d3d6301f09a44dbeed2f1cce644ff, type: 3}
--- !u!1 &1699093995
GameObject:
  m_ObjectHideFlags: 0
  m_CorrespondingSourceObject: {fileID: 1073477439998536, guid: 1e088aaf5c0c49042b60fe34bdcb66dc,
    type: 2}
  m_PrefabInternal: {fileID: 0}
  serializedVersion: 6
  m_Component:
  - component: {fileID: 1699093996}
  - component: {fileID: 1699093999}
  - component: {fileID: 1699093998}
  - component: {fileID: 1699093997}
  m_Layer: 0
  m_Name: pink_flower
  m_TagString: Untagged
  m_Icon: {fileID: 0}
  m_NavMeshLayer: 0
  m_StaticEditorFlags: 4294967295
  m_IsActive: 1
--- !u!4 &1699093996
Transform:
  m_ObjectHideFlags: 0
  m_CorrespondingSourceObject: {fileID: 4663156330689136, guid: 1e088aaf5c0c49042b60fe34bdcb66dc,
    type: 2}
  m_PrefabInternal: {fileID: 0}
  m_GameObject: {fileID: 1699093995}
  m_LocalRotation: {x: 0.24407284, y: -0.6009991, z: 0.61033684, w: -0.45466205}
  m_LocalPosition: {x: 7.061667, y: -9.593806, z: 6.9381275}
  m_LocalScale: {x: 0.96260226, y: 0.9626025, z: 0.9626025}
  m_Children: []
  m_Father: {fileID: 616594277}
  m_RootOrder: 11
  m_LocalEulerAnglesHint: {x: 0, y: 0, z: 0}
--- !u!95 &1699093997
Animator:
  serializedVersion: 3
  m_ObjectHideFlags: 0
  m_CorrespondingSourceObject: {fileID: 95709631583440440, guid: 1e088aaf5c0c49042b60fe34bdcb66dc,
    type: 2}
  m_PrefabInternal: {fileID: 0}
  m_GameObject: {fileID: 1699093995}
  m_Enabled: 1
  m_Avatar: {fileID: 9000000, guid: d4a19aa451f9aa948b7f0e5673514002, type: 3}
  m_Controller: {fileID: 0}
  m_CullingMode: 0
  m_UpdateMode: 0
  m_ApplyRootMotion: 0
  m_LinearVelocityBlending: 0
  m_WarningMessage: 
  m_HasTransformHierarchy: 1
  m_AllowConstantClipSamplingOptimization: 1
  m_KeepAnimatorControllerStateOnDisable: 0
--- !u!23 &1699093998
MeshRenderer:
  m_ObjectHideFlags: 0
  m_CorrespondingSourceObject: {fileID: 23881878842613808, guid: 1e088aaf5c0c49042b60fe34bdcb66dc,
    type: 2}
  m_PrefabInternal: {fileID: 0}
  m_GameObject: {fileID: 1699093995}
  m_Enabled: 1
  m_CastShadows: 1
  m_ReceiveShadows: 1
  m_DynamicOccludee: 1
  m_MotionVectors: 1
  m_LightProbeUsage: 1
  m_ReflectionProbeUsage: 1
  m_RenderingLayerMask: 4294967295
  m_Materials:
  - {fileID: 2100000, guid: 7bfb1b9120098bf4a9b04396ee3721e1, type: 2}
  m_StaticBatchInfo:
    firstSubMesh: 0
    subMeshCount: 0
  m_StaticBatchRoot: {fileID: 0}
  m_ProbeAnchor: {fileID: 0}
  m_LightProbeVolumeOverride: {fileID: 0}
  m_ScaleInLightmap: 1
  m_PreserveUVs: 0
  m_IgnoreNormalsForChartDetection: 0
  m_ImportantGI: 0
  m_StitchLightmapSeams: 0
  m_SelectedEditorRenderState: 3
  m_MinimumChartSize: 4
  m_AutoUVMaxDistance: 0.5
  m_AutoUVMaxAngle: 89
  m_LightmapParameters: {fileID: 15201, guid: 0000000000000000f000000000000000, type: 0}
  m_SortingLayerID: 0
  m_SortingLayer: 0
  m_SortingOrder: 0
--- !u!33 &1699093999
MeshFilter:
  m_ObjectHideFlags: 0
  m_CorrespondingSourceObject: {fileID: 33456098837332118, guid: 1e088aaf5c0c49042b60fe34bdcb66dc,
    type: 2}
  m_PrefabInternal: {fileID: 0}
  m_GameObject: {fileID: 1699093995}
  m_Mesh: {fileID: 4300000, guid: d4a19aa451f9aa948b7f0e5673514002, type: 3}
--- !u!1 &1718166002
GameObject:
  m_ObjectHideFlags: 0
  m_CorrespondingSourceObject: {fileID: 1830324705457490, guid: 1e088aaf5c0c49042b60fe34bdcb66dc,
    type: 2}
  m_PrefabInternal: {fileID: 0}
  serializedVersion: 6
  m_Component:
  - component: {fileID: 1718166006}
  - component: {fileID: 1718166005}
  - component: {fileID: 1718166004}
  - component: {fileID: 1718166003}
  m_Layer: 0
  m_Name: Plane (2)
  m_TagString: Untagged
  m_Icon: {fileID: 0}
  m_NavMeshLayer: 0
  m_StaticEditorFlags: 0
  m_IsActive: 1
--- !u!23 &1718166003
MeshRenderer:
  m_ObjectHideFlags: 0
  m_CorrespondingSourceObject: {fileID: 23631656032297896, guid: 1e088aaf5c0c49042b60fe34bdcb66dc,
    type: 2}
  m_PrefabInternal: {fileID: 0}
  m_GameObject: {fileID: 1718166002}
  m_Enabled: 1
  m_CastShadows: 1
  m_ReceiveShadows: 1
  m_DynamicOccludee: 1
  m_MotionVectors: 1
  m_LightProbeUsage: 1
  m_ReflectionProbeUsage: 1
  m_RenderingLayerMask: 4294967295
  m_Materials:
  - {fileID: 2100000, guid: 0b050d695404bee4a96c27d1cc8c8bc0, type: 2}
  m_StaticBatchInfo:
    firstSubMesh: 0
    subMeshCount: 0
  m_StaticBatchRoot: {fileID: 0}
  m_ProbeAnchor: {fileID: 0}
  m_LightProbeVolumeOverride: {fileID: 0}
  m_ScaleInLightmap: 1
  m_PreserveUVs: 1
  m_IgnoreNormalsForChartDetection: 0
  m_ImportantGI: 0
  m_StitchLightmapSeams: 0
  m_SelectedEditorRenderState: 3
  m_MinimumChartSize: 4
  m_AutoUVMaxDistance: 0.5
  m_AutoUVMaxAngle: 89
  m_LightmapParameters: {fileID: 0}
  m_SortingLayerID: 0
  m_SortingLayer: 0
  m_SortingOrder: 0
--- !u!64 &1718166004
MeshCollider:
  m_ObjectHideFlags: 0
  m_CorrespondingSourceObject: {fileID: 64390512016508640, guid: 1e088aaf5c0c49042b60fe34bdcb66dc,
    type: 2}
  m_PrefabInternal: {fileID: 0}
  m_GameObject: {fileID: 1718166002}
  m_Material: {fileID: 0}
  m_IsTrigger: 0
  m_Enabled: 1
  serializedVersion: 3
  m_Convex: 1
  m_CookingOptions: 14
  m_SkinWidth: 0.01
  m_Mesh: {fileID: 10209, guid: 0000000000000000e000000000000000, type: 0}
--- !u!33 &1718166005
MeshFilter:
  m_ObjectHideFlags: 0
  m_CorrespondingSourceObject: {fileID: 33112555974177588, guid: 1e088aaf5c0c49042b60fe34bdcb66dc,
    type: 2}
  m_PrefabInternal: {fileID: 0}
  m_GameObject: {fileID: 1718166002}
  m_Mesh: {fileID: 10209, guid: 0000000000000000e000000000000000, type: 0}
--- !u!4 &1718166006
Transform:
  m_ObjectHideFlags: 0
  m_CorrespondingSourceObject: {fileID: 4819483074899188, guid: 1e088aaf5c0c49042b60fe34bdcb66dc,
    type: 2}
  m_PrefabInternal: {fileID: 0}
  m_GameObject: {fileID: 1718166002}
  m_LocalRotation: {x: -0, y: -0.70710677, z: -0, w: 0.7071068}
  m_LocalPosition: {x: -0.7104721, y: -0.008591973, z: 90.9}
  m_LocalScale: {x: 4.000111, y: 2.0000544, z: 4.26435}
  m_Children: []
  m_Father: {fileID: 0}
  m_RootOrder: 8
  m_LocalEulerAnglesHint: {x: 0, y: 0, z: 0}
--- !u!1 &1767123498
GameObject:
  m_ObjectHideFlags: 0
  m_CorrespondingSourceObject: {fileID: 1636352751150598, guid: 1e088aaf5c0c49042b60fe34bdcb66dc,
    type: 2}
  m_PrefabInternal: {fileID: 0}
  serializedVersion: 6
  m_Component:
  - component: {fileID: 1767123499}
  - component: {fileID: 1767123502}
  - component: {fileID: 1767123501}
  - component: {fileID: 1767123500}
  m_Layer: 0
  m_Name: Canopy
  m_TagString: Untagged
  m_Icon: {fileID: 0}
  m_NavMeshLayer: 0
  m_StaticEditorFlags: 4294967295
  m_IsActive: 1
--- !u!4 &1767123499
Transform:
  m_ObjectHideFlags: 0
  m_CorrespondingSourceObject: {fileID: 4461043195222464, guid: 1e088aaf5c0c49042b60fe34bdcb66dc,
    type: 2}
  m_PrefabInternal: {fileID: 0}
  m_GameObject: {fileID: 1767123498}
  m_LocalRotation: {x: -0.019998513, y: -0.030235412, z: 0.04998391, w: -0.998092}
  m_LocalPosition: {x: -4.0472727, y: 0.22988763, z: 36.239708}
  m_LocalScale: {x: 0.79641163, y: 0.79641145, z: 0.79641145}
  m_Children: []
  m_Father: {fileID: 616594277}
  m_RootOrder: 18
  m_LocalEulerAnglesHint: {x: 0, y: 0, z: 0}
--- !u!95 &1767123500
Animator:
  serializedVersion: 3
  m_ObjectHideFlags: 0
  m_CorrespondingSourceObject: {fileID: 95895957883609850, guid: 1e088aaf5c0c49042b60fe34bdcb66dc,
    type: 2}
  m_PrefabInternal: {fileID: 0}
  m_GameObject: {fileID: 1767123498}
  m_Enabled: 1
  m_Avatar: {fileID: 9000000, guid: 3f9232fb2223a5b43a783005f1424821, type: 3}
  m_Controller: {fileID: 0}
  m_CullingMode: 0
  m_UpdateMode: 0
  m_ApplyRootMotion: 0
  m_LinearVelocityBlending: 0
  m_WarningMessage: 
  m_HasTransformHierarchy: 1
  m_AllowConstantClipSamplingOptimization: 1
  m_KeepAnimatorControllerStateOnDisable: 0
--- !u!23 &1767123501
MeshRenderer:
  m_ObjectHideFlags: 0
  m_CorrespondingSourceObject: {fileID: 23561643077773264, guid: 1e088aaf5c0c49042b60fe34bdcb66dc,
    type: 2}
  m_PrefabInternal: {fileID: 0}
  m_GameObject: {fileID: 1767123498}
  m_Enabled: 1
  m_CastShadows: 1
  m_ReceiveShadows: 1
  m_DynamicOccludee: 1
  m_MotionVectors: 1
  m_LightProbeUsage: 1
  m_ReflectionProbeUsage: 1
  m_RenderingLayerMask: 4294967295
  m_Materials:
  - {fileID: 2100000, guid: 7bfb1b9120098bf4a9b04396ee3721e1, type: 2}
  m_StaticBatchInfo:
    firstSubMesh: 0
    subMeshCount: 0
  m_StaticBatchRoot: {fileID: 0}
  m_ProbeAnchor: {fileID: 0}
  m_LightProbeVolumeOverride: {fileID: 0}
  m_ScaleInLightmap: 1
  m_PreserveUVs: 0
  m_IgnoreNormalsForChartDetection: 0
  m_ImportantGI: 0
  m_StitchLightmapSeams: 0
  m_SelectedEditorRenderState: 3
  m_MinimumChartSize: 4
  m_AutoUVMaxDistance: 0.5
  m_AutoUVMaxAngle: 89
  m_LightmapParameters: {fileID: 15201, guid: 0000000000000000f000000000000000, type: 0}
  m_SortingLayerID: 0
  m_SortingLayer: 0
  m_SortingOrder: 0
--- !u!33 &1767123502
MeshFilter:
  m_ObjectHideFlags: 0
  m_CorrespondingSourceObject: {fileID: 33108405575108030, guid: 1e088aaf5c0c49042b60fe34bdcb66dc,
    type: 2}
  m_PrefabInternal: {fileID: 0}
  m_GameObject: {fileID: 1767123498}
  m_Mesh: {fileID: 4300002, guid: 3f9232fb2223a5b43a783005f1424821, type: 3}
--- !u!1 &2005615284
GameObject:
  m_ObjectHideFlags: 0
  m_CorrespondingSourceObject: {fileID: 1341681885384588, guid: 1e088aaf5c0c49042b60fe34bdcb66dc,
    type: 2}
  m_PrefabInternal: {fileID: 0}
  serializedVersion: 6
  m_Component:
  - component: {fileID: 2005615285}
  - component: {fileID: 2005615288}
  - component: {fileID: 2005615287}
  - component: {fileID: 2005615286}
  m_Layer: 0
  m_Name: jungle moss
  m_TagString: Untagged
  m_Icon: {fileID: 0}
  m_NavMeshLayer: 0
  m_StaticEditorFlags: 4294967295
  m_IsActive: 1
--- !u!4 &2005615285
Transform:
  m_ObjectHideFlags: 0
  m_CorrespondingSourceObject: {fileID: 4901862338680642, guid: 1e088aaf5c0c49042b60fe34bdcb66dc,
    type: 2}
  m_PrefabInternal: {fileID: 0}
  m_GameObject: {fileID: 2005615284}
  m_LocalRotation: {x: 0.31534064, y: -0.08163107, z: 0.9414997, w: 0.0864581}
  m_LocalPosition: {x: 6.60653, y: -7.24958, z: 9.818313}
  m_LocalScale: {x: 1.2036905, y: 1.2036908, z: 1.2036905}
  m_Children: []
  m_Father: {fileID: 616594277}
  m_RootOrder: 8
  m_LocalEulerAnglesHint: {x: 0, y: 0, z: 0}
--- !u!95 &2005615286
Animator:
  serializedVersion: 3
  m_ObjectHideFlags: 0
  m_CorrespondingSourceObject: {fileID: 95267961829377948, guid: 1e088aaf5c0c49042b60fe34bdcb66dc,
    type: 2}
  m_PrefabInternal: {fileID: 0}
  m_GameObject: {fileID: 2005615284}
  m_Enabled: 1
  m_Avatar: {fileID: 9000000, guid: 401733cf6a5c5ad44835abe16448ad66, type: 3}
  m_Controller: {fileID: 0}
  m_CullingMode: 0
  m_UpdateMode: 0
  m_ApplyRootMotion: 0
  m_LinearVelocityBlending: 0
  m_WarningMessage: 
  m_HasTransformHierarchy: 1
  m_AllowConstantClipSamplingOptimization: 1
  m_KeepAnimatorControllerStateOnDisable: 0
--- !u!23 &2005615287
MeshRenderer:
  m_ObjectHideFlags: 0
  m_CorrespondingSourceObject: {fileID: 23236060066493128, guid: 1e088aaf5c0c49042b60fe34bdcb66dc,
    type: 2}
  m_PrefabInternal: {fileID: 0}
  m_GameObject: {fileID: 2005615284}
  m_Enabled: 1
  m_CastShadows: 1
  m_ReceiveShadows: 1
  m_DynamicOccludee: 1
  m_MotionVectors: 1
  m_LightProbeUsage: 1
  m_ReflectionProbeUsage: 1
  m_RenderingLayerMask: 4294967295
  m_Materials:
  - {fileID: 2100000, guid: 7bfb1b9120098bf4a9b04396ee3721e1, type: 2}
  m_StaticBatchInfo:
    firstSubMesh: 0
    subMeshCount: 0
  m_StaticBatchRoot: {fileID: 0}
  m_ProbeAnchor: {fileID: 0}
  m_LightProbeVolumeOverride: {fileID: 0}
  m_ScaleInLightmap: 1
  m_PreserveUVs: 0
  m_IgnoreNormalsForChartDetection: 0
  m_ImportantGI: 0
  m_StitchLightmapSeams: 0
  m_SelectedEditorRenderState: 3
  m_MinimumChartSize: 4
  m_AutoUVMaxDistance: 0.5
  m_AutoUVMaxAngle: 89
  m_LightmapParameters: {fileID: 15201, guid: 0000000000000000f000000000000000, type: 0}
  m_SortingLayerID: 0
  m_SortingLayer: 0
  m_SortingOrder: 0
--- !u!33 &2005615288
MeshFilter:
  m_ObjectHideFlags: 0
  m_CorrespondingSourceObject: {fileID: 33407176539574734, guid: 1e088aaf5c0c49042b60fe34bdcb66dc,
    type: 2}
  m_PrefabInternal: {fileID: 0}
  m_GameObject: {fileID: 2005615284}
  m_Mesh: {fileID: 4300002, guid: 401733cf6a5c5ad44835abe16448ad66, type: 3}
--- !u!1 &2043757376
GameObject:
  m_ObjectHideFlags: 0
  m_CorrespondingSourceObject: {fileID: 1830324705457490, guid: 1e088aaf5c0c49042b60fe34bdcb66dc,
    type: 2}
  m_PrefabInternal: {fileID: 0}
  serializedVersion: 6
  m_Component:
  - component: {fileID: 2043757380}
  - component: {fileID: 2043757379}
  - component: {fileID: 2043757378}
  - component: {fileID: 2043757377}
  m_Layer: 0
  m_Name: Plane (1)
  m_TagString: Untagged
  m_Icon: {fileID: 0}
  m_NavMeshLayer: 0
  m_StaticEditorFlags: 0
  m_IsActive: 1
--- !u!23 &2043757377
MeshRenderer:
  m_ObjectHideFlags: 0
  m_CorrespondingSourceObject: {fileID: 23631656032297896, guid: 1e088aaf5c0c49042b60fe34bdcb66dc,
    type: 2}
  m_PrefabInternal: {fileID: 0}
  m_GameObject: {fileID: 2043757376}
  m_Enabled: 1
  m_CastShadows: 1
  m_ReceiveShadows: 1
  m_DynamicOccludee: 1
  m_MotionVectors: 1
  m_LightProbeUsage: 1
  m_ReflectionProbeUsage: 1
  m_RenderingLayerMask: 4294967295
  m_Materials:
  - {fileID: 2100000, guid: 0b050d695404bee4a96c27d1cc8c8bc0, type: 2}
  m_StaticBatchInfo:
    firstSubMesh: 0
    subMeshCount: 0
  m_StaticBatchRoot: {fileID: 0}
  m_ProbeAnchor: {fileID: 0}
  m_LightProbeVolumeOverride: {fileID: 0}
  m_ScaleInLightmap: 1
  m_PreserveUVs: 1
  m_IgnoreNormalsForChartDetection: 0
  m_ImportantGI: 0
  m_StitchLightmapSeams: 0
  m_SelectedEditorRenderState: 3
  m_MinimumChartSize: 4
  m_AutoUVMaxDistance: 0.5
  m_AutoUVMaxAngle: 89
  m_LightmapParameters: {fileID: 0}
  m_SortingLayerID: 0
  m_SortingLayer: 0
  m_SortingOrder: 0
--- !u!64 &2043757378
MeshCollider:
  m_ObjectHideFlags: 0
  m_CorrespondingSourceObject: {fileID: 64390512016508640, guid: 1e088aaf5c0c49042b60fe34bdcb66dc,
    type: 2}
  m_PrefabInternal: {fileID: 0}
  m_GameObject: {fileID: 2043757376}
  m_Material: {fileID: 0}
  m_IsTrigger: 0
  m_Enabled: 1
  serializedVersion: 3
  m_Convex: 1
  m_CookingOptions: 14
  m_SkinWidth: 0.01
  m_Mesh: {fileID: 10209, guid: 0000000000000000e000000000000000, type: 0}
--- !u!33 &2043757379
MeshFilter:
  m_ObjectHideFlags: 0
  m_CorrespondingSourceObject: {fileID: 33112555974177588, guid: 1e088aaf5c0c49042b60fe34bdcb66dc,
    type: 2}
  m_PrefabInternal: {fileID: 0}
  m_GameObject: {fileID: 2043757376}
  m_Mesh: {fileID: 10209, guid: 0000000000000000e000000000000000, type: 0}
--- !u!4 &2043757380
Transform:
  m_ObjectHideFlags: 0
  m_CorrespondingSourceObject: {fileID: 4819483074899188, guid: 1e088aaf5c0c49042b60fe34bdcb66dc,
    type: 2}
  m_PrefabInternal: {fileID: 0}
  m_GameObject: {fileID: 2043757376}
  m_LocalRotation: {x: -0, y: -0.70710677, z: -0, w: 0.7071068}
  m_LocalPosition: {x: -0.7104721, y: -0.008591973, z: 10.7}
  m_LocalScale: {x: 4.000111, y: 2.0000544, z: 4.26435}
  m_Children: []
  m_Father: {fileID: 0}
  m_RootOrder: 7
  m_LocalEulerAnglesHint: {x: 0, y: 0, z: 0}
--- !u!1 &2125802786
GameObject:
  m_ObjectHideFlags: 0
  m_CorrespondingSourceObject: {fileID: 1729386896099470, guid: 1e088aaf5c0c49042b60fe34bdcb66dc,
    type: 2}
  m_PrefabInternal: {fileID: 0}
  serializedVersion: 6
  m_Component:
  - component: {fileID: 2125802787}
  - component: {fileID: 2125802790}
  - component: {fileID: 2125802789}
  - component: {fileID: 2125802788}
  m_Layer: 0
  m_Name: jungle moss
  m_TagString: Untagged
  m_Icon: {fileID: 0}
  m_NavMeshLayer: 0
  m_StaticEditorFlags: 4294967295
  m_IsActive: 1
--- !u!4 &2125802787
Transform:
  m_ObjectHideFlags: 0
  m_CorrespondingSourceObject: {fileID: 4696325407358706, guid: 1e088aaf5c0c49042b60fe34bdcb66dc,
    type: 2}
  m_PrefabInternal: {fileID: 0}
  m_GameObject: {fileID: 2125802786}
  m_LocalRotation: {x: 0.18888928, y: -0.02952059, z: 0.20714608, w: 0.9594477}
  m_LocalPosition: {x: 6.955936, y: -11.659915, z: 3.4771588}
  m_LocalScale: {x: 1.0097444, y: 1.0097444, z: 1.0097443}
  m_Children: []
  m_Father: {fileID: 616594277}
  m_RootOrder: 14
  m_LocalEulerAnglesHint: {x: 0, y: 0, z: 0}
--- !u!95 &2125802788
Animator:
  serializedVersion: 3
  m_ObjectHideFlags: 0
  m_CorrespondingSourceObject: {fileID: 95995919494079304, guid: 1e088aaf5c0c49042b60fe34bdcb66dc,
    type: 2}
  m_PrefabInternal: {fileID: 0}
  m_GameObject: {fileID: 2125802786}
  m_Enabled: 1
  m_Avatar: {fileID: 9000000, guid: 401733cf6a5c5ad44835abe16448ad66, type: 3}
  m_Controller: {fileID: 0}
  m_CullingMode: 0
  m_UpdateMode: 0
  m_ApplyRootMotion: 0
  m_LinearVelocityBlending: 0
  m_WarningMessage: 
  m_HasTransformHierarchy: 1
  m_AllowConstantClipSamplingOptimization: 1
  m_KeepAnimatorControllerStateOnDisable: 0
--- !u!23 &2125802789
MeshRenderer:
  m_ObjectHideFlags: 0
  m_CorrespondingSourceObject: {fileID: 23294237409814824, guid: 1e088aaf5c0c49042b60fe34bdcb66dc,
    type: 2}
  m_PrefabInternal: {fileID: 0}
  m_GameObject: {fileID: 2125802786}
  m_Enabled: 1
  m_CastShadows: 1
  m_ReceiveShadows: 1
  m_DynamicOccludee: 1
  m_MotionVectors: 1
  m_LightProbeUsage: 1
  m_ReflectionProbeUsage: 1
  m_RenderingLayerMask: 4294967295
  m_Materials:
  - {fileID: 2100000, guid: 7bfb1b9120098bf4a9b04396ee3721e1, type: 2}
  m_StaticBatchInfo:
    firstSubMesh: 0
    subMeshCount: 0
  m_StaticBatchRoot: {fileID: 0}
  m_ProbeAnchor: {fileID: 0}
  m_LightProbeVolumeOverride: {fileID: 0}
  m_ScaleInLightmap: 1
  m_PreserveUVs: 0
  m_IgnoreNormalsForChartDetection: 0
  m_ImportantGI: 0
  m_StitchLightmapSeams: 0
  m_SelectedEditorRenderState: 3
  m_MinimumChartSize: 4
  m_AutoUVMaxDistance: 0.5
  m_AutoUVMaxAngle: 89
  m_LightmapParameters: {fileID: 15201, guid: 0000000000000000f000000000000000, type: 0}
  m_SortingLayerID: 0
  m_SortingLayer: 0
  m_SortingOrder: 0
--- !u!33 &2125802790
MeshFilter:
  m_ObjectHideFlags: 0
  m_CorrespondingSourceObject: {fileID: 33490391916751224, guid: 1e088aaf5c0c49042b60fe34bdcb66dc,
    type: 2}
  m_PrefabInternal: {fileID: 0}
  m_GameObject: {fileID: 2125802786}
  m_Mesh: {fileID: 4300002, guid: 401733cf6a5c5ad44835abe16448ad66, type: 3}
--- !u!1 &2145778665
GameObject:
  m_ObjectHideFlags: 0
  m_CorrespondingSourceObject: {fileID: 1707855154839664, guid: 1e088aaf5c0c49042b60fe34bdcb66dc,
    type: 2}
  m_PrefabInternal: {fileID: 0}
  serializedVersion: 6
  m_Component:
  - component: {fileID: 2145778666}
  - component: {fileID: 2145778669}
  - component: {fileID: 2145778668}
  - component: {fileID: 2145778667}
  m_Layer: 0
  m_Name: jungle moss
  m_TagString: Untagged
  m_Icon: {fileID: 0}
  m_NavMeshLayer: 0
  m_StaticEditorFlags: 4294967295
  m_IsActive: 1
--- !u!4 &2145778666
Transform:
  m_ObjectHideFlags: 0
  m_CorrespondingSourceObject: {fileID: 4356172144215450, guid: 1e088aaf5c0c49042b60fe34bdcb66dc,
    type: 2}
  m_PrefabInternal: {fileID: 0}
  m_GameObject: {fileID: 2145778665}
  m_LocalRotation: {x: 0.027527105, y: -0.20711519, z: 0.88280874, w: 0.42070705}
  m_LocalPosition: {x: 4.907017, y: -7.152146, z: 10.258069}
  m_LocalScale: {x: 1.2067902, y: 1.2067903, z: 1.2067904}
  m_Children: []
  m_Father: {fileID: 616594277}
  m_RootOrder: 6
  m_LocalEulerAnglesHint: {x: 0, y: 0, z: 0}
--- !u!95 &2145778667
Animator:
  serializedVersion: 3
  m_ObjectHideFlags: 0
  m_CorrespondingSourceObject: {fileID: 95583464535927168, guid: 1e088aaf5c0c49042b60fe34bdcb66dc,
    type: 2}
  m_PrefabInternal: {fileID: 0}
  m_GameObject: {fileID: 2145778665}
  m_Enabled: 1
  m_Avatar: {fileID: 9000000, guid: 401733cf6a5c5ad44835abe16448ad66, type: 3}
  m_Controller: {fileID: 0}
  m_CullingMode: 0
  m_UpdateMode: 0
  m_ApplyRootMotion: 0
  m_LinearVelocityBlending: 0
  m_WarningMessage: 
  m_HasTransformHierarchy: 1
  m_AllowConstantClipSamplingOptimization: 1
  m_KeepAnimatorControllerStateOnDisable: 0
--- !u!23 &2145778668
MeshRenderer:
  m_ObjectHideFlags: 0
  m_CorrespondingSourceObject: {fileID: 23371145371675514, guid: 1e088aaf5c0c49042b60fe34bdcb66dc,
    type: 2}
  m_PrefabInternal: {fileID: 0}
  m_GameObject: {fileID: 2145778665}
  m_Enabled: 1
  m_CastShadows: 1
  m_ReceiveShadows: 1
  m_DynamicOccludee: 1
  m_MotionVectors: 1
  m_LightProbeUsage: 1
  m_ReflectionProbeUsage: 1
  m_RenderingLayerMask: 4294967295
  m_Materials:
  - {fileID: 2100000, guid: 7bfb1b9120098bf4a9b04396ee3721e1, type: 2}
  m_StaticBatchInfo:
    firstSubMesh: 0
    subMeshCount: 0
  m_StaticBatchRoot: {fileID: 0}
  m_ProbeAnchor: {fileID: 0}
  m_LightProbeVolumeOverride: {fileID: 0}
  m_ScaleInLightmap: 1
  m_PreserveUVs: 0
  m_IgnoreNormalsForChartDetection: 0
  m_ImportantGI: 0
  m_StitchLightmapSeams: 0
  m_SelectedEditorRenderState: 3
  m_MinimumChartSize: 4
  m_AutoUVMaxDistance: 0.5
  m_AutoUVMaxAngle: 89
  m_LightmapParameters: {fileID: 15201, guid: 0000000000000000f000000000000000, type: 0}
  m_SortingLayerID: 0
  m_SortingLayer: 0
  m_SortingOrder: 0
--- !u!33 &2145778669
MeshFilter:
  m_ObjectHideFlags: 0
  m_CorrespondingSourceObject: {fileID: 33927949984326144, guid: 1e088aaf5c0c49042b60fe34bdcb66dc,
    type: 2}
  m_PrefabInternal: {fileID: 0}
  m_GameObject: {fileID: 2145778665}
  m_Mesh: {fileID: 4300002, guid: 401733cf6a5c5ad44835abe16448ad66, type: 3}
